@inproceedings{Althoff2021ARCH,
	author			= {Matthias Althoff},
	title			= {Guaranteed State Estimation in CORA 2021},
	year			= {2021},
	month 			= {December},
	booktitle		= {Proc. of the 8th Workshop on Applied Verification for Continuous and Hybrid Systems},
	doi				= {10.29007/7m2k},
	url				= {https://easychair.org/publications/paper/hMPK}
	publisher 		= {EasyChair},
	pages			= {161-175},
	keywords		= {observers}
}