@inproceedings{Wetzlinger2024ARCH,
	author			= {Mark Wetzlinger, Viktor Kotsev, Adrian Kulmburg, and Matthias Althoff},
	title			= {Implementation of Polyhedral Operations in CORA 2024},
	year			= {2024},
	month = {July},
	booktitle		= {Proc. of the 10th Workshop on Applied Verification for Continuous and Hybrid Systems},
	publisher 		= {EasyChair},
	keywords		= {set-based computing}
}