@phdthesis{Althoff2010diss,
	author = {Matthias Althoff},
	title = {Reachability Analysis and its Application to the Safety Assessment of Autonomous Cars},
	year = {2010},
	month = {July},
	school = {Technische Universität München},
	url = {https://mediatum.ub.tum.de/?id=1287517},
	keywords = {reachability analysis, linear systems, nonlinear systems, hybrid systems}
}