@inproceedings{Kochdumper2020CDC,
	title		=	{Computing Non-Convex Inner-Approximations of Reachable Sets for Nonlinear Continuous Systems},
	author	=	{Niklas Kochdumper and Matthias Althoff},
	booktitle	=	{Proc. of the 59th Conference on Decision and Control},
	organization = {IEEE},
	pages		=	{2130-2137},
	year		=	{2020},
	month = {December},
	doi		= 	{10.1109/CDC42340.2020.9304022},
	url = {https://ieeexplore.ieee.org/document/9304022},
	keywords = {reachability analysis, nonlinear systems}
}