@article{Kochdumper2023Acta,
	title			= {Constrained Polynomial Zonotopes},
	author			= {Niklas Kochdumper and Matthias Althoff},
	journal			= {Acta Informatica},
	year			= {2023},
	month			= {May},
	publisher		= {Springer},
	volume			= {60},
	pages			= {279-316},
	DOI				= {10.1007/s00236-023-00437-5},
	url				= {https://link.springer.com/article/10.1007/s00236-023-00437-5},
	keywords		= {set-based computing}
}