@phdthesis{Kochdumper2022diss,
	author = {Niklas Kochdumper},
	title = {Extensions of Polynomial Zonotopes and their Application to Verification of Cyber-Physical Systems},
	year = {2022},
	month = {February},
	school = {Technische Universität München},
	keywords = {set-based computing, reachability analysis}
}