@inproceedings{ladner2024exponent,
  title={Exponent Relaxation of Polynomial Zonotopes and Its Applications in Formal Neural Network Verification},
  author={Ladner, Tobias and Althoff, Matthias},
  booktitle={Proceedings of the AAAI Conference on Artificial Intelligence},
  volume={38},
  number={19},
  pages={21304-21311},
  DOI = {10.1609/aaai.v38i19.30125},
  url = {https://doi.org/10.1609/aaai.v38i19.30125},
  year={2024},
  month={March},
keywords = {set-based computing, neural networks}
}
