@inproceedings{lercher2024using,
  title={Using Four-Valued Signal Temporal Logic for Incremental Verification of Hybrid Systems},
  author={Florian Lercher and Matthias Althoff},
  booktitle={Proceedings of the Conference on Computer Aided Verification},
  year={2024},
  keywords = {signal temporal logic, hybrid systems}
}
