@inproceedings{luetzow2024scalable,
  title={Scalable Reachset-Conformant Identification of Linear Systems},
  author={Laura Luetzow and Matthias Althoff},
  booktitle={IEEE Control Systems Letters},
  volume={8},
  pages={520-525},
  DOI = {10.1109/LCSYS.2024.3397058},
  url = {https://doi.org/10.1109/LCSYS.2024.3397058},
  year={2024},
  month = {May},
keywords = {linear systems}
}
