@phdthesis{Wetzlinger2024diss,
	author = {Mark Wetzlinger},
	title = {Toward Automated Verification of Dynamical Systems Using Forward and Backward Reachability Analysis},
	year = {2024},
	month = {July},
	school = {Technische Universität München},
	url = {https://mediatum.ub.tum.de/?id=1725668},
	keywords = {formal verification, reachability analysis, set-based computing}
}