@inproceedings{Wetzlinger2024scalable,
  title={Inner Approximations of Reachable Sets for Nonlinear Systems Using the Minkowski Difference},
  author={Mark Wetzlinger and Adrian Kulmburg and Matthias Althoff},
  booktitle={IEEE Control Systems Letters},
  % volume={8},
  % pages={520-525},
  DOI = {10.1109/LCSYS.2024.3421194},
  url = {https://doi.org/10.1109/LCSYS.2024.3421194},
  year={2024},
  month = {July},
keywords = {formal verification, falsification, reachability analysis, nonlinear systems, set-based computing}
}
