@comment{x-kbibtex-encoding=utf-8}

@inproceedings{Alanwar2019,
	author = {A. Alanwar and H. Said and M-. Althoff},
	booktitle = {Proc. of the 58th IEEE Conference on Decsion and Control},
	comment = {justITSELF, interACT},
	owner = {matthias},
	pages = {4133–4139},
	timestamp = {2019.04.02},
	title = {Distributed Secure State Estimation Using Diffusion {Kalman} Filters and Reachability Analysis},
	year = {2019}
}

@inproceedings{Alanwar2020,
	author = {A. Alanwar and H. Said and A. Mehta and M. Althoff},
	booktitle = {Proc. of the 11th ACM/IEEE International Conference on Cyber-Physical Systems},
	comment = {justITSELF, interACT},
	owner = {matthias},
	pages = {206–215},
	timestamp = {2019.10.23},
	title = {Event-Triggered Diffusion {Kalman} Filters},
	year = {2020}
}

@inproceedings{Alanwar2022x,
	author = {A. Alanwar and H. Said and N. Snyder and B. Etzlinger and S. Chakraborty and Y.~T. and Srivastava M. and J. Hespanha and M. Althoff},
	booktitle = {Resilience Week},
	owner = {matthias},
	timestamp = {2019.07.03},
	title = {ReSeT: Reformulating Nonlinear Secure State Estimation for Resilient Cyber-Physical Systems (worked on in 2019)},
	year = {202x}
}

@inproceedings{Althoff2015b,
	author = {D. Althoff and M. Althoff and S. Scherer},
	booktitle = {Proc. of the IEEE/RSJ International Conference on Intelligent Robots and Systems},
	comment = {vCar},
	owner = {matthias},
	pages = {3470–3477},
	timestamp = {2015.06.29},
	title = {Online Safety Verification of Trajectories for Unmanned Flight with Offline Computed Robust Invariant Sets},
	year = {2015}
}

@inproceedings{Althoff2010b,
	author = {D. Althoff and M. Althoff and D. Wollherr and M. Buss},
	booktitle = {Proc. of the IEEE International Conference on Robotics and Automation},
	filelinks = {media/New Volume/other/Jemdoc website/publications/2010/althoff-2010-ICRA.pdf:PDF; [talk]:media/New Volume/other/Jemdoc website/talks/2010/althoff-2010-ICRA_talk.pdf},
	groups = {Conferences},
	owner = {matthias},
	pages = {1492–1498},
	timestamp = {2010.06.06},
	title = {Probabilistic Collision State Checker for Crowded Environments},
	year = {2010}
}

@inproceedings{Althoff2015a,
	author = {M. Althoff},
	booktitle = {Proc. of the Workshop on Applied Verification for Continuous and Hybrid Systems},
	comment = {UnCoVerCPS},
	keywords = {CORA},
	owner = {matthias},
	pages = {120–151},
	timestamp = {2015.03.20},
	title = {An Introduction to {CORA} 2015},
	year = {2015}
}

@manual{Althoff2015c,
	author = {M. Althoff},
	organization = {Technische Universität München},
	owner = {matthias},
	timestamp = {2016.05.19},
	title = {CORA 2015},
	year = {2015}
}

@electronic{Althoff2016e,
	author = {M. Althoff},
	comment = {UnCoVerCPS},
	howpublished = {arXiv:1512.02794},
	owner = {matthias},
	timestamp = {2015.10.05},
	title = {On Computing the {Minkowski} Difference of Zonotopes},
	year = {2016}
}

@article{Althoff2014c,
	author = {M. Althoff},
	journal = {IEEE Transactions on Power Systems},
	number = {5},
	owner = {matthias},
	pages = {2270–2280},
	timestamp = {2014.03.04},
	title = {Formal and Compositional Analysis of Power Systems using Reachable Sets},
	volume = {29},
	year = {2014}
}

@inproceedings{Althoff2013a,
	author = {M. Althoff},
	booktitle = {Hybrid Systems: Computation and Control},
	owner = {matthias},
	pages = {173–182},
	timestamp = {2012.12.23},
	title = {Reachability Analysis of Nonlinear Systems using Conservative Polynomialization and Non-Convex Sets},
	year = {2013}
}

@phdthesis{Althoff2010a,
	author = {M. Althoff},
	filelinks = {media/New Volume/other/Jemdoc website/publications/2010/althoff-2010-thesis.pdf:PDF; [defense talk]:media/New Volume/other/Jemdoc website/talks/2010/althoff-2010-thesis_talk.pdf},
	groups = {Theses},
	note = {http://nbn-resolving.de/urn/resolver.pl?urn:nbn:de:bvb:91-diss-20100715-963752-1-4},
	owner = {matthias},
	school = {Technische Universität München},
	timestamp = {2010.08.03},
	title = {Reachability Analysis and its Application to the Safety Assessment of Autonomous Cars},
	type = {Dissertation},
	year = {2010}
}

@mastersthesis{Althoff2005,
	author = {M. Althoff},
	filelinks = {media/New Volume/other/Jemdoc website/publications/2005/althoff-2005-diplomaThesis.pdf},
	owner = {matthias},
	school = {Technische Universität München},
	timestamp = {2011.05.22},
	title = {Nonlinear Dynamics and Control of Integrally Actuated Helicopter Blades},
	year = {2005}
}

@inproceedings{Althoff2010c,
	author = {M. Althoff and D. Althoff and D. Wollherr and M. Buss},
	booktitle = {Proc. of the IEEE Intelligent Vehicles Symposium},
	filelinks = {media/New Volume/other/Jemdoc website/publications/2010/althoff-2010-IV.pdf:PDF; [poster]:media/New Volume/other/Jemdoc website/posters/2010/althoff-2010-IV_poster.pdf},
	groups = {Conferences},
	owner = {matthias},
	pages = {1078–1083},
	timestamp = {2010.06.06},
	title = {Safety Verification of Autonomous Vehicles for Coordinated Evasive Maneuvers},
	year = {2010}
}

@inproceedings{Althoff2017b,
	author = {M. Althoff and S. Bak and D. Cattaruzza and X. Chen and G. Frehse and R. Ray and S. Schupp},
	booktitle = {Proc. of the 4th International Workshop on Applied Verification for Continuous and Hybrid Systems},
	comment = {UnCoVerCPS},
	owner = {matthias},
	pages = {143–159},
	timestamp = {2017.06.20},
	title = {{ARCH-COMP17} Category Report: Continuous and Hybrid Systems with Linear Continuous Dynamics},
	year = {2017}
}

@inproceedings{Althoff2018c,
	author = {M. Althoff and S. Bak and X. Chen and C. Fan and M. Forets and G. Frehse and N. Kochdumper and Y. Li and S. Mitra and R. Ray and C. Schilling and S. Schupp},
	booktitle = {Proc. of the 5th International Workshop on Applied Verification for Continuous and Hybrid Systems},
	comment = {UnCoVerCPS},
	owner = {matthias},
	pages = {23–52},
	timestamp = {2018.08.03},
	title = {{ARCH-COMP18} Category Report: Continuous and Hybrid Systems with Linear Continuous Dynamics},
	year = {2018}
}

@inproceedings{Althoff2019b,
	author = {M. Althoff and S. Bak and M. Forets and G. Frehse and N. Kochdumper and R. Ray and C. Schilling and S. Schupp},
	bibsource = {EasyChair, https://easychair.org},
	booktitle = {Proc. of the 6th International Workshop on Applied Verification of Continuous and Hybrid Systems},
	comment = {UnCoVerCPS},
	editor = {Goran Frehse and Matthias Althoff},
	issn = {2398-7340},
	pages = {14–40},
	series = {EPiC Series in Computing},
	title = {{ARCH-COMP19} Category Report: Continuous and Hybrid Systems with Linear Continuous Dynamics},
	volume = {61},
	year = {2019}
}

@inproceedings{Althoff2012c,
	author = {M. Althoff and M. Cvetković and M. Ilić},
	booktitle = {Proc. of the IEEE PES Conference on Innovative Smart Grid Technologies Europe},
	owner = {matthias},
	pages = {1–8},
	timestamp = {2012.10.22},
	title = {Transient Stability Analysis by Reachable Set Computation},
	year = {2012}
}

@article{Althoff2014b,
	author = {M.~Althoff and J.~M.~Dolan},
	comment = {vCar},
	journal = {IEEE Transactions on Robotics},
	number = {4},
	owner = {matthias},
	pages = {903–918},
	timestamp = {2014.01.14},
	title = {Online Verification of Automated Road Vehicles Using Reachability Analysis},
	volume = {30},
	year = {2014}
}

@inproceedings{Althoff2012b,
	author = {M. Althoff and J.~M. Dolan},
	booktitle = {Proc. of the American Control Conference},
	owner = {matthias},
	pages = {3559–3566},
	timestamp = {2012.03.28},
	title = {Reachability Computation of Low-Order Models for the Safety Verification of High-Order Road Vehicle Models},
	year = {2012}
}

@inproceedings{Althoff2011e,
	author = {M. Althoff and J.~M. Dolan},
	booktitle = {Proc. of the 14th IEEE Conference on Intelligent Transportation Systems},
	owner = {matthias},
	pages = {1162–1167},
	timestamp = {2011.09.06},
	title = {Set-Based Computation of Vehicle Behaviors for the Online Verification of Autonomous Vehicles},
	year = {2011}
}

@proceedings{Frehse2021,
	comment = {no funding},
	editor = {G. Frehse and M. Althoff},
	owner = {matthias},
	publisher = {EasyChair},
	series = {EasyChair Proceedings in Computing},
	timestamp = {2019.11.21},
	title = {ARCH21. 8th International Workshop on Applied Verification of Continuous and Hybrid Systems},
	year = {2021}
}

@inproceedings{Althoff2016c,
	author = {M. Althoff and G. Frehse},
	booktitle = {Proc. of the 55th IEEE Conference on Decision and Control},
	comment = {UnCoVerCPS},
	owner = {matthias},
	pages = {7439–7446},
	timestamp = {2016.09.16},
	title = {Combining Zonotopes and Support Functions for Efficient Reachability Analysis of Linear Systems},
	year = {2016}
}

@article{Althoff2019a,
	author = {M. Althoff and A. Giusti and S.~B. Liu and A. Pereira},
	comment = {REA grant 608022 (SMART-E), ZF4086004LP7},
	journal = {Science Robotics},
	number = {31},
	owner = {matthias},
	pages = {1–14},
	timestamp = {2019.01.26},
	title = {Effortless creation of safe robots from modules through self-programming and self-verification},
	volume = {4},
	year = {2019}
}

@inproceedings{Althoff2016a,
	author = {M. Althoff and D. Grebenyuk},
	booktitle = {Proc. of the 3rd International Workshop on Applied Verification for Continuous and Hybrid Systems},
	comment = {UnCoVerCPS},
	keywords = {CORA},
	owner = {matthias},
	pages = {91–105},
	timestamp = {2016.07.20},
	title = {Implementation of Interval Arithmetic in {CORA} 2016},
	year = {2016}
}

@inproceedings{Althoff2018b,
	author = {M. Althoff and D. Grebenyuk and N. Kochdumper},
	booktitle = {Proc. of the 5th International Workshop on Applied Verification for Continuous and Hybrid Systems},
	comment = {UnCoVerCPS, AL 1185/5-1},
	owner = {matthias},
	pages = {145–173},
	timestamp = {2018.06.26},
	title = {Implementation of {Taylor} Models in {CORA} 2018},
	year = {2018}
}

@inproceedings{Wetzlinger2024a,
	author = {M. Wetzlinger and V. Kotsev and A. Kulmburg and M. Althoff},
	booktitle = {Proc. of the International Workshop on Applied Verification for Continuous and Hybrid Systems},
	title = {Implementation of Polyhedral Operations in {CORA} 2024},
	year = {2024}
}

@inproceedings{Wetzlinger2024CSL,
  author = {M. Wetzlinger and A. Kulmburg and M. Althoff},
  journal = {IEEE Control Systems Letters}, 
  title = {Inner Approximations of Reachable Sets for Nonlinear Systems Using the Minkowski Difference}, 
  year = {2024},
  volume = {8},
  pages = {2033-2038}
}

@electronic{Wetzlinger2024arXiv,
	author = {M. Wetzlinger and M. Althoff},
	note = {arXiv:2010.11097},
	title = {Backward Reachability Analysis of Perturbed Continuous-Time Linear Systems Using Set Propagation},
	year = {2024}
}

@inproceedings{Althoff2013d,
	author = {M. Althoff and D. Heß and F. Gambert},
	booktitle = {Proc. of the 16th International IEEE Conference on Intelligent Transportation Systems},
	owner = {matthias},
	pages = {99–105},
	timestamp = {2013.10.24},
	title = {Road Occupancy Prediction of Traffic Participants},
	year = {2013}
}

@inproceedings{Althoff2017a,
	author = {M. Althoff and M. Koschi and S. Manzinger},
	booktitle = {Proc. of the IEEE Intelligent Vehicles Symposium},
	comment = {SPP 1835, Car@TUM},
	owner = {matthias},
	pages = {719–726},
	timestamp = {2017.03.14},
	title = {{CommonRoad}: Composable Benchmarks for Motion Planning on Roads},
	year = {2017}
}

@article{Althoff2014a,
	author = {M. Althoff and B.~H. Krogh},
	journal = {IEEE Transactions on Automatic Control},
	number = {2},
	owner = {matthias},
	pages = {371–383},
	timestamp = {2012.12.23},
	title = {Reachability Analysis of Nonlinear Differential-Algebraic Systems},
	volume = {59},
	year = {2014}
}

@inproceedings{Althoff2012a,
	author = {M. Althoff and B.~H. Krogh},
	booktitle = {Hybrid Systems: Computation and Control},
	owner = {matthias},
	pages = {45–54},
	timestamp = {2011.12.24},
	title = {Avoiding Geometric Intersection Operations in Reachability Analysis of Hybrid Systems},
	year = {2012}
}

@inproceedings{Althoff2011f,
	author = {M. Althoff and B.~H. Krogh},
	booktitle = {Proc. of the 50th IEEE Conference on Decision and Control},
	owner = {matthias},
	pages = {6814–6821},
	timestamp = {2011.09.12},
	title = {Zonotope Bundles for the Efficient Computation of Reachable Sets},
	year = {2011}
}

@inbook{Althoff2011b,
	author = {M. Althoff and B.~H. Krogh and O. Stursberg},
	chapter = {Analyzing Reachability of Linear Dynamic Systems with Parametric Uncertainties},
	filelinks = {media/New Volume/other/Jemdoc website/publications/2011/althoff-2011-MoDeSi.pdf},
	owner = {matthias},
	pages = {69–94},
	publisher = {Springer},
	timestamp = {2011.02.02},
	title = {Modeling, Design, and Simulation of Systems with Uncertainties},
	year = {2011}
}

@inproceedings{Althoff2016b,
	author = {M. Althoff and R. Lösch},
	booktitle = {Proc. of the 19th International IEEE Conference on Intelligent Transportation Systems},
	comment = {PUMA, AL 1185/3-1},
	owner = {matthias},
	pages = {485–491},
	timestamp = {2016.09.16},
	title = {Can Automated Road Vehicles Harmonize with Traffic Flow While Guaranteeing A Safe Distance?},
	year = {2016}
}

@inproceedings{Althoff2011a,
	author = {M. Althoff and C. {Le Guernic} and B.~H. Krogh},
	booktitle = {Hybrid Systems: Computation and Control},
	filelinks = {media/New Volume/other/Jemdoc website/publications/2011/althoff-2011-HSCC.pdf:PDF; [talk]:media/New Volume/other/Jemdoc website/talks/2011/althoff-2011-HSCC_talk.pdf},
	groups = {Conferences},
	owner = {matthias},
	pages = {93–102},
	timestamp = {2011.01.11},
	title = {Reachable Set Computation for Uncertain Time-Varying Linear Systems},
	year = {2011}
}

@inproceedings{Althoff2018a,
	author = {M. Althoff and S. Lutz},
	booktitle = {Proc. of the IEEE Intelligent Vehicles Symposium},
	comment = {interACT},
	owner = {matthias},
	pages = {1326–1333},
	timestamp = {2018.01.15},
	title = {Automatic Generation of Safety-Critical Test Scenarios for Collision Avoidance of Road Vehicles},
	year = {2018}
}

@article{Althoff2016d,
	author = {M. Althoff and S. Magdici},
	comment = {PUMA, AL 1185/3-1},
	journal = {IEEE Transactions on Intelligent Vehicles},
	number = {2},
	owner = {matthias},
	pages = {187–202},
	timestamp = {2016.09.16},
	title = {Set-Based Prediction of Traffic Participants on Arbitrary Road Networks},
	volume = {1},
	year = {2016}
}

@article{Althoff2021a,
	author = {M. Althoff and S. Maierhofer and C. Pek},
	comment = {DFG AL 1185/7-1,justITSELF, interACT},
	doi = {10.1109/TIV.2020.2991953},
	issue = {1},
	journal = {IEEE Transactions on Intelligent Vehicles},
	pages = {159–174},
	title = {Provably-Correct and Comfortable Adaptive Cruise Control},
	volume = {6},
	year = {2021}
}

@article{Althoff2011d,
	author = {M. Althoff and A. Mergel},
	journal = {IEEE Transactions on Intelligent Transportation Systems},
	number = {4},
	owner = {matthias},
	pages = {1237–1247},
	timestamp = {2011.05.22},
	title = {Comparison of {Markov} Chain Abstraction and {Monte Carlo} Simulation for the Safety Assessment of Autonomous Cars},
	volume = {12},
	year = {2011}
}

@article{Althoff2012d,
	author = {M. Althoff and M.~J. Patil and J.~P. Traugott},
	journal = {Journal of the American Helicopter Society},
	number = {1},
	owner = {matthias},
	pages = {1–11},
	timestamp = {2011.10.02},
	title = {Nonlinear Modeling and Control Design of Active Helicopter Blades},
	volume = {57},
	year = {2012}
}

@inproceedings{Althoff2006a,
	author = {M. Althoff and M.~J. Patil and J.~P. Traugott},
	booktitle = {Proc. of the 47th AIAA/ASME/ASCE/AHS/ASC Structures, Structural Dynamics, and Materials Conference},
	filelinks = {media/New Volume/other/Jemdoc website/publications/2006/althoff-2006-ASC.pdf:PDF; [talk]:media/New Volume/other/Jemdoc website/talks/2006/althoff-2006-ASC_talk.pdf},
	groups = {Conferences},
	note = {AIAA Paper 2006-2040},
	owner = {althoff},
	timestamp = {2009.05.06},
	title = {Nonlinear Modeling and Control Design of Active Helicopter Blades},
	year = {2006}
}

@article{Althoff2013c,
	author = {M. Althoff and A. Rajhans and B.~H. Krogh and S. Yaldiz and X. Li and L. Pileggi},
	journal = {Communications of the ACM},
	number = {10},
	owner = {matthias},
	pages = {97–104},
	timestamp = {2012.10.22},
	title = {Formal Verification of Phase-Locked Loops Using Reachability Analysis and Continuization},
	volume = {56},
	year = {2013}
}

@inproceedings{Althoff2011c,
	author = {M. Althoff and A. Rajhans and B.~H. Krogh and S. Yaldiz and X. Li and L. Pileggi},
	booktitle = {Proc. of the Int. Conference on Computer Aided Design},
	owner = {matthias},
	pages = {659–666},
	timestamp = {2011.04.04},
	title = {Formal Verification of Phase-Locked Loops Using Reachability Analysis and Continuization},
	year = {2011}
}

@article{Althoff2010d,
	author = {M. Althoff and O. Stursberg and M. Buss},
	filelinks = {media/New Volume/other/Jemdoc website/publications/2010/althoff-2010-nonAnalysis.pdf},
	groups = {Journals},
	journal = {Nonlinear Analysis: Hybrid Systems},
	number = {2},
	owner = {althoff},
	pages = {233–249},
	timestamp = {2009.01.12},
	title = {Computing Reachable Sets of Hybrid Systems Using a Combination of Zonotopes and Polytopes},
	volume = {4},
	year = {2010}
}

@article{Althoff2009a,
	author = {M. Althoff and O. Stursberg and M. Buss},
	filelinks = {media/New Volume/other/Jemdoc website/publications/2009/althoff-2009-ITSStrans.pdf},
	groups = {Journals},
	journal = {IEEE Transactions on Intelligent Transportation Systems},
	number = {2},
	owner = {althoff},
	pages = {299–310},
	timestamp = {2009.01.12},
	title = {Model-Based Probabilistic Collision Detection in Autonomous Driving},
	volume = {10},
	year = {2009}
}

@inproceedings{Althoff2009d,
	author = {M. Althoff and O. Stursberg and M. Buss},
	booktitle = {Proc. of the European Control Conference},
	filelinks = {media/New Volume/other/Jemdoc website/publications/2009/althoff-2009-ECC.pdf:PDF; [talk]:media/New Volume/other/Jemdoc website/talks/2009/althoff-2009-ECC_talk.pdf},
	groups = {Conferences},
	owner = {althoff},
	pages = {625–630},
	timestamp = {2008.07.11},
	title = {Safety Assessment for Stochastic Linear Systems using Enclosing Hulls of Probability Density Functions},
	year = {2009}
}

@inproceedings{Althoff2009e,
	author = {M. Althoff and O. Stursberg and M. Buss},
	booktitle = {Proc. of the IEEE Intelligent Vehicles Symposium},
	filelinks = {media/New Volume/other/Jemdoc website/publications/2009/althoff-2009-IV.pdf:PDF; [talk]:media/New Volume/other/Jemdoc website/talks/2009/althoff-2009-IV_talk.pdf},
	groups = {Conferences},
	owner = {althoff},
	pages = {893–900},
	timestamp = {2009.02.18},
	title = {Safety Assessment of Driving Behavior in Multi-Lane Traffic for Autonomous Vehicles},
	year = {2009}
}

@inproceedings{Althoff2008a,
	author = {M. Althoff and O. Stursberg and M. Buss},
	booktitle = {Proc. of the 17th IFAC World Congress},
	filelinks = {media/New Volume/other/Jemdoc website/publications/2008/althoff-2008-IFAC.pdf:PDF; [talk]:media/New Volume/other/Jemdoc website/talks/2008/althoff-2008-IFAC_talk.pdf},
	groups = {Conferences},
	owner = {althoff},
	pages = {5125–5130},
	timestamp = {2007.10.09},
	title = {Verification of Uncertain Embedded Systems by Computing Reachable Sets based on Zonotopes},
	year = {2008}
}

@inproceedings{Althoff2008b,
	author = {M. Althoff and O. Stursberg and M. Buss},
	booktitle = {Proc. of the IEEE Intelligent Vehicles Symposium},
	filelinks = {media/New Volume/other/Jemdoc website/publications/2008/althoff-2008-IV.pdf:PDF; [talk]:media/New Volume/other/Jemdoc website/talks/2008/althoff-2008-IV_talk.pdf},
	groups = {Conferences},
	owner = {althoff},
	pages = {1086–1092},
	timestamp = {2008.03.10},
	title = {Stochastic Reachable Sets of Interacting Traffic Participants},
	year = {2008}
}

@inproceedings{Althoff2008c,
	author = {M. Althoff and O. Stursberg and M. Buss},
	booktitle = {Proc. of the 47th IEEE Conference on Decision and Control},
	filelinks = {media/New Volume/other/Jemdoc website/publications/2008/althoff-2008-CDC.pdf:PDF; [talk]:media/New Volume/other/Jemdoc website/talks/2008/althoff-2008-CDC_talk.pdf},
	groups = {Conferences},
	owner = {althoff},
	pages = {4042–4048},
	timestamp = {2008.04.28},
	title = {Reachability Analysis of Nonlinear Systems with Uncertain Parameters using Conservative Linearization},
	year = {2008}
}

@inproceedings{Althoff2008d,
	author = {M. Althoff and O. Stursberg and M. Buss},
	booktitle = {Proc. of Automatisierungssysteme, Assistenzsysteme und eingebettete Systeme für Transportmittel},
	filelinks = {media/New Volume/other/Jemdoc website/publications/2008/althoff-2008-AAET.pdf:PDF; [talk]:media/New Volume/other/Jemdoc website/talks/2008/althoff-2008-AAET_talk.pdf},
	groups = {Conferences},
	owner = {althoff},
	pages = {314–330},
	timestamp = {2008.04.28},
	title = {{O}nline-{A}nalyse von {F}ahrstrategien kognitiver autonomer {F}ahrzeuge},
	year = {2008}
}

@inproceedings{Althoff2008e,
	author = {M. Althoff and O. Stursberg and M. Buss},
	booktitle = {Proc. of 3. Tagung Aktive Sicherheit durch Fahrerassistenz},
	filelinks = {media/New Volume/other/Jemdoc website/publications/2008/althoff-2008-FAS.pdf:PDF; [talk]:media/New Volume/other/Jemdoc website/talks/2008/althoff-2008-FAS_talk.pdf},
	groups = {Conferences},
	owner = {althoff},
	timestamp = {2008.04.28},
	title = {{E}rreichbarkeitsanalyse von {V}erkehrsteilnehmern zur {V}erbesserung von {F}ahrerassistenzsystemen},
	year = {2008}
}

@article{Althoff2008f,
	author = {M. Althoff and O. Stursberg and M. Buss},
	filelinks = {media/New Volume/other/Jemdoc website/publications/2008/althoff-2008-AT.pdf},
	groups = {Journals},
	journal = {at - Automatisierungstechnik},
	owner = {althoff},
	pages = {653–661},
	timestamp = {2008.07.09},
	title = {{S}icherheitsbewertung von {F}ahrstrategien kognitiver {A}utomobile},
	volume = {56},
	year = {2008}
}

@inproceedings{Althoff2007a,
	author = {M. Althoff and O. Stursberg and M. Buss},
	booktitle = {Proc. of the American Control Conference},
	filelinks = {media/New Volume/other/Jemdoc website/publications/2007/althoff-2007-ACC.pdf:PDF; [talk]:media/New Volume/other/Jemdoc website/talks/2007/althoff-2007-ACC_talk.pdf},
	groups = {Conferences},
	owner = {althoff},
	pages = {4154–4159},
	title = {Safety Assessment of Autonomous Cars using Verification Techniques},
	year = {2007}
}

@inproceedings{Althoff2007b,
	author = {M. Althoff and O. Stursberg and M. Buss},
	booktitle = {Proc. of the IEEE Intelligent Vehicles Symposium},
	filelinks = {media/New Volume/other/Jemdoc website/publications/2007/althoff-2007-IV.pdf:PDF; [poster]:media/New Volume/other/Jemdoc website/posters/2007/althoff-2007-IV_poster.pdf},
	groups = {Conferences},
	owner = {althoff},
	pages = {728–733},
	timestamp = {2007.06.26},
	title = {Online Verification of Cognitive Car Decisions},
	year = {2007}
}

@inproceedings{Althoff2007c,
	author = {M.~Althoff and O.~Stursberg and M.~Buss},
	booktitle = {Proc. of the 46th IEEE Conference on Decision and Control},
	filelinks = {media/New Volume/other/Jemdoc website/publications/2007/althoff-2007-CDC.pdf:PDF; [talk]:media/New Volume/other/Jemdoc website/talks/2007/althoff-2007-CDC_talk.pdf},
	groups = {Conferences},
	owner = {althoff},
	pages = {726–732},
	timestamp = {2007.08.29},
	title = {Reachability Analysis of Linear Systems with uncertain Parameters and Inputs},
	year = {2007}
}

@inproceedings{Bak2017,
	author = {S. Bak and S. Bogomolov and M. Althoff},
	booktitle = {Proc. of the 15th International Conference on Formal Modelling and Analysis of Timed Systems},
	comment = {AL 1185/5-1},
	owner = {matthias},
	pages = {133–150},
	timestamp = {2017.06.25},
	title = {Time-Triggered Conversion of Guards for Reachability Analysis of Hybrid Automata},
	year = {2017}
}

@inproceedings{Beckert2017,
	author = {D. Beckert and A. Pereira and M. Althoff},
	booktitle = {Proc. of the 56th IEEE Conference on Decision and Control},
	comment = {UnCoVerCPS},
	owner = {matthias},
	pages = {6454–6461},
	timestamp = {2017.07.12},
	title = {Online Verification of Multiple Safety Criteria for a Robot Trajectory},
	year = {2017}
}

@inproceedings{Calzolari2017,
	author = {D. Calzolari and B. Schürmann and M. Althoff},
	booktitle = {Proc. of the 20th IEEE International Conference on Intelligent Transportation Systems},
	comment = {UnCoVerCPS},
	owner = {matthias},
	timestamp = {2017.07.07},
	title = {Comparison of Trajectory Tracking Controllers for Autonomous Vehicles},
	year = {2017}
}

@article{Camara2021a,
	author = {F. Camara and N. Bellotto and S. Cosar and D. Nathanael and M. Althoff and J. Wu and J. Ruenz and A. Dietrich and C. Fox},
	comment = {interACT},
	journal = {IEEE Transactions on Intelligent Transportation Systems},
	note = {early access},
	number = {10},
	owner = {matthias},
	pages = {6131–6151},
	timestamp = {2019.03.12},
	title = {Pedestrian Models for Autonomous Driving Part {I}: Low-Level Models, From Sensing to Tracking},
	volume = {22},
	year = {2021}
}

@article{Camara2021b,
	author = {F. Camara and N. Bellotto and S. Cosar and F. Weber and D. Nathanael and M. Althoff and J. Wu and J. Ruenz and A. Dietrich and G. Markkula and A. Schieben and F. Tango and N. Merat and C. Fox},
	comment = {interACT},
	journal = {IEEE Transactions on Intelligent Transportation Systems},
	number = {9},
	owner = {matthias},
	pages = {5453–5472},
	timestamp = {2019.10.24},
	title = {Pedestrian Models for Autonomous Driving Part {II}: High-Level Models of Human Behavior},
	volume = {22},
	year = {2021}
}

@inproceedings{Chen2017,
	author = {X. Chen and M. Althoff and F. Immler},
	booktitle = {Proc. of the 4th International Workshop on Applied Verification for Continuous and Hybrid Systems},
	comment = {UnCoVerCPS},
	owner = {matthias},
	pages = {160–169},
	timestamp = {2017.06.20},
	title = {{ARCH-COMP17} Category Report: Continuous Systems with Nonlinear Dynamics},
	year = {2017}
}

@inproceedings{El-Guindy2017a,
	author = {A. El-Guindy and Y.~C. Chen and M. Althoff},
	booktitle = {Proc. of the American Control Conference},
	comment = {AL 1185/2-1},
	owner = {matthias},
	pages = {2536–2543},
	timestamp = {2016.09.16},
	title = {Compositional Transient Stability Analysis of Power Systems via the Computation of Reachable Sets},
	year = {2017}
}

@inproceedings{El-Guindy2017b,
	author = {A. El-Guindy and D. Han and M. Althoff},
	booktitle = {Proc. of the American Control Conference},
	comment = {AL 1185/2-1},
	owner = {matthias},
	pages = {1263–1270},
	timestamp = {2017.01.22},
	title = {Estimating the Region of Attraction via Forward Reachable Sets},
	year = {2017}
}

@article{El-Guindy2016,
	author = {A. El-Guindy and D. Han and M. Althoff},
	comment = {AL 1185/2-1},
	journal = {IEEE Transactions on Power Systems},
	number = {6},
	owner = {matthias},
	pages = {4691–4702},
	timestamp = {2016.01.07},
	title = {Formal Analysis of Drum-Boiler Units to Maximize the Load-Following Capabilities of Power Plants},
	volume = {31},
	year = {2016}
}

@inproceedings{El-Guindy2017c,
	author = {A. El-Guindy and K. Schaab and B. Schürmann and D. Han and O. Stursberg and M. Althoff},
	booktitle = {Proc. of the IEEE PES General Meeting},
	comment = {AL 1185/2-1, UnCoVerCPS},
	owner = {matthias},
	timestamp = {2017.02.23},
	title = {Formal {LPV} Control for Transient Stability of Power Systems},
	year = {2017}
}

@inproceedings{Gassmann2020a,
	author = {V. Gaßmann and M. Althoff},
	booktitle = {Proc. of the American Control Conference},
	comment = {justITSELF},
	pages = {4715–4721},
	title = {Scalable Zonotope-Ellipsoid Conversions using the {Euclidean} Zonotope Norm},
	year = {2020}
}

@article{Giusti2018c,
	author = {A. Giusti and M. Althoff},
	comment = {SMART-E},
	journal = {IEEE Transactions on Control Systems Technology},
	number = {4},
	owner = {matthias},
	pages = {1484–1491},
	timestamp = {2016.09.16},
	title = {On-The-Fly Control Design of Modular Robot Manipulators},
	volume = {26},
	year = {2018}
}

@inproceedings{Giusti2017,
	author = {A. Giusti and M. Althoff},
	booktitle = {Proc. of the First IEEE International Conference on Robotic Computing},
	comment = {SMART-E},
	owner = {matthias},
	pages = {129–135},
	timestamp = {2017.01.04},
	title = {Efficient Computation of Interval-Arithmetic-Based Robust Controllers for Rigid Robots},
	year = {2017}
}

@inproceedings{Giusti2016a,
	author = {A. Giusti and M. Althoff},
	booktitle = {Proc. of the American Control Conference},
	comment = {SMART-E, UnCoVerCPS},
	owner = {matthias},
	pages = {2995–3001},
	timestamp = {2016.03.02},
	title = {Ultimate Robust Performance Control of Rigid Robot Manipulators Using Interval Arithmetic},
	year = {2016}
}

@inproceedings{Giusti2015,
	author = {A. Giusti and M. Althoff},
	booktitle = {Proc. of the IEEE/RSJ International Conference on Intelligent Robots and Systems},
	comment = {SMART-E},
	owner = {matthias},
	pages = {3268–3275},
	timestamp = {2015.06.29},
	title = {Automatic Centralized Controller Design for Modular and Reconfigurable Robot Manipulators},
	year = {2015}
}

@article{Giusti2018,
	author = {A. Giusti and J. Malzahn and N. Tsagarakis and M. Althoff},
	comment = {SMART-E},
	journal = {IEEE Transactions on Robotics},
	number = {6},
	owner = {matthias},
	pages = {1461–1471},
	timestamp = {2017.12.19},
	title = {On the Combined Inverse-Dynamics/Passivity-Based Control of Elastic-Joint Robots},
	volume = {34},
	year = {2018}
}

@inproceedings{Giusti2017a,
	author = {A. Giusti and J. Malzahn and N.~G. Tsagarakis and M. Althoff},
	booktitle = {Proc. of the IEEE International Conference on Robotics and Automation},
	comment = {SMART-E},
	owner = {matthias},
	pages = {5281–5288},
	timestamp = {2016.09.16},
	title = {Combined Inverse-Dynamics/Passivity-Based Control for Robots with Elastic Joints},
	year = {2017}
}

@article{Giusti2018b,
	author = {A. Giusti and M.~J.~A. Zeestraten and E. Icer and A. Pereira and D.~G. Caldwell and S. Calinon and M. Althoff},
	comment = {SMART-E},
	journal = {IEEE Robotics and Automation Magazine},
	number = {2},
	owner = {matthias},
	pages = {18–27},
	timestamp = {2018.02.09},
	title = {Flexible Automation Driven by Demonstration: Leveraging Strategies that Simplify Robotics},
	volume = {25},
	year = {2018}
}

@inproceedings{Goebl2008,
	author = {M. Goebl and M. Althoff and M. Buss and G. Färber and F. Hecker and B. Heißing and S. Kraus and R. Nagel and F. Puente León and F. Rattei and M. Russ and M. Schweitzer and M. Thuy and C. Wang and H.-J. Wünsche},
	booktitle = {Proc. of the IEEE Intelligent Vehicles Symposium},
	filelinks = {media/New Volume/other/Jemdoc website/publications/2008/goebl-2008-IV.pdf},
	groups = {Conferences},
	owner = {althoff},
	pages = {1101–1107},
	timestamp = {2008.07.11},
	title = {Design and Capabilities of the {Munich} Cognitive Automobile},
	year = {2008}
}

@inproceedings{Gruber2019a,
	author = {F. Gruber and M. Althoff},
	booktitle = {Proc. of the 58th IEEE Conference on Decision and Control},
	comment = {justITSELF, interACT},
	owner = {matthias},
	pages = {438–444},
	timestamp = {2019.04.02},
	title = {Scalable robust model predictive control for linear sampled-data systems},
	year = {2019}
}

@inproceedings{Gruber2018a,
	author = {F. Gruber and M. Althoff},
	booktitle = {Proc. of the 21st IEEE International Conference on Intelligent Transportation Systems},
	comment = {UnCoVerCPS},
	owner = {matthias},
	pages = {1708–1714},
	timestamp = {2018.07.08},
	title = {Anytime Safety Verification of Autonomous Vehicles},
	year = {2018}
}

@inproceedings{Han2016a,
	author = {D. Han and M. Althoff},
	booktitle = {IEEE Power \& Energy Society General Meeting},
	comment = {AL 1185/2-1},
	owner = {matthias},
	pages = {1–5},
	timestamp = {2016.03.02},
	title = {Power Systems Transient Stability Analysis via Optimal Rational {Lyapunov} Functions},
	year = {2016}
}

@inproceedings{Han2015,
	author = {D. Han and M. Althoff},
	booktitle = {Proc. of the 54th IEEE Conference on Decision and Control},
	comment = {ROCS-Grid},
	owner = {matthias},
	pages = {1160–1167},
	timestamp = {2015.08.03},
	title = {Control Synthesis for Non-Polynomial Systems: A Domain of Attraction Perspective},
	year = {2015}
}

@inproceedings{Han2016c,
	author = {D. Han and A. El-Guindy and M. Althoff},
	booktitle = {Proc. of the 55th IEEE Conference on Decision and Control},
	comment = {AL 1185/2-1},
	owner = {matthias},
	pages = {2176–2183},
	timestamp = {2016.09.16},
	title = {On Estimating the Robust Domain of Attraction for Uncertain Non-Polynomial Systems: An {LMI} Approach},
	year = {2016}
}

@inproceedings{Han2016d,
	author = {D. Han and A. El-Guindy and M. Althoff},
	booktitle = {Proc. of the 55th IEEE Conference on Decision and Control},
	comment = {DFG AL 1185/2-1},
	owner = {matthias},
	pages = {5569–5576},
	timestamp = {2016.09.16},
	title = {Estimating the Domain of Attraction based on the Invariance Principle},
	year = {2016}
}

@inproceedings{Hess2014,
	author = {D. Heß and M. Althoff and T. Sattel},
	booktitle = {Proc. of the IEEE/RSJ International Conference on Intelligent Robots and Systems},
	comment = {vCar},
	owner = {matthias},
	pages = {1474–1481},
	timestamp = {2014.07.17},
	title = {Formal Verification of Maneuver Automata for Parameterized Motion Primitives},
	year = {2014}
}

@inproceedings{Hess2013,
	author = {D. Heß and M. Althoff and T. Sattel},
	booktitle = {Proc. of the IEEE Intelligent Vehicles Symposium},
	owner = {matthias},
	pages = {163–170},
	timestamp = {2013.02.28},
	title = {Comparison of Trajectory Tracking Controllers for Emergency Situations},
	year = {2013}
}

@inproceedings{Hess2013b,
	author = {D. Heß and M. Althoff and T. Sattel},
	booktitle = {Proc. of the 16th International IEEE Conference on Intelligent Transportation Systems},
	owner = {matthias},
	pages = {2058–2062},
	timestamp = {2013.10.24},
	title = {Should Collision Avoidance Systems use Yaw Stabilization?},
	year = {2013}
}

@inproceedings{Hisch2017,
	author = {F. Hisch and A. Giusti and M. Althoff},
	booktitle = {Proc. of the 20th World Congress of the International Federation of Automatic Control},
	comment = {SMART-E, UnCoVerCPS},
	owner = {matthias},
	pages = {5660–5665},
	timestamp = {2017.02.28},
	title = {Robust Control of Continuum Robots using Interval Arithmetic},
	year = {2017}
}

@inproceedings{Icer2016b,
	author = {E. Icer and M. Althoff},
	booktitle = {Proc. of the IEEE Conference on Control Applications},
	comment = {SMART-E},
	owner = {matthias},
	pages = {1408–1413},
	timestamp = {2016.04.18},
	title = {Cost-Optimal Composition Synthesis for Modular Robots},
	year = {2016}
}

@inproceedings{Icer2016,
	author = {E. Icer and A. Giusti and M. Althoff},
	booktitle = {Proc. of the IEEE International Conference on Robotics and Automation},
	comment = {SMART-E},
	owner = {matthias},
	pages = {5203–5209},
	timestamp = {2016.03.02},
	title = {A Task-Driven Algorithm for Configuration Synthesis of Modular Robots},
	year = {2016}
}

@inproceedings{Icer2017,
	author = {E. Icer and H.~A. Hassan and K. El-Ayat and M. Althoff},
	booktitle = {Proc. of the IEEE International Conference on Robotics and Automation},
	comment = {SMART-E},
	owner = {matthias},
	pages = {3562–3568},
	timestamp = {2016.09.16},
	title = {Evolutionary Cost-Optimal Composition Synthesis of Modular Robots Considering a Given Task},
	year = {2017}
}

@inproceedings{Immler2019,
	author = {F. Immler and M. Althoff and L. Benet and A. Chapoutot and X. Chen and M. Forets and L. Geretti and N. Kochdumper and D.~P. Sanders and C. Schilling},
	bibsource = {EasyChair, https://easychair.org},
	booktitle = {Proc. of the 6th International Workshop on Applied Verification of Continuous and Hybrid Systems},
	comment = {UnCoVerCPS},
	editor = {Goran Frehse and Matthias Althoff},
	issn = {2398-7340},
	pages = {41–61},
	series = {EPiC Series in Computing},
	title = {{ARCH-COMP19} Category Report: Continuous and Hybrid Systems with Nonlinear Dynamics},
	volume = {61},
	year = {2019}
}

@inproceedings{Immler2018,
	author = {F. Immler and M. Althoff and X. Chen and C. Fan and G. Frehse and N. Kochdumper and Y. Li and S. Mitra and M.~S. Tomar and M. Zamani},
	booktitle = {Proc. of the 5th International Workshop on Applied Verification for Continuous and Hybrid Systems},
	comment = {UnCoVerCPS},
	owner = {matthias},
	pages = {53–70},
	timestamp = {2018.08.03},
	title = {{ARCH-COMP18} Category Report: Continuous and Hybrid Systems with Nonlinear Dynamics},
	year = {2018}
}

@inproceedings{Klischat2020a,
	author = {M. Klischat and M. Althoff},
	booktitle = {Proc. of the IEEE Intelligent Vehicles Symposium},
	comment = {ZF4086007BZ8},
	owner = {matthias},
	timestamp = {2020.02.02},
	title = {Synthesizing Traffic Scenarios From Formal Specifications for Testing Automated Vehicles},
	year = {2020}
}

@inproceedings{Klischat2020c,
	author = {M. Klischat and M. Althoff},
	booktitle = {Proc. of the 23rd IEEE International Conference on Intelligent Transportation Systems},
	comment = {ZF4086007BZ8},
	owner = {matthias},
	timestamp = {2019.01.14},
	title = {A Multi-Step Approach to Accelerate the Computation of the Drivable Area of Mobile Robots},
	year = {2020}
}

@inproceedings{Klischat2019b,
	author = {M. Klischat and M. Althoff},
	booktitle = {Proc. of the IEEE Intelligent Vehicles Symposium},
	comment = {ZF4086007BZ8},
	owner = {matthias},
	pages = {2352–2358},
	timestamp = {2019.02.01},
	title = {Generating Critical Test Scenarios for Automated Vehicles with Evolutionary Algorithms},
	year = {2019}
}

@inproceedings{Klischat2019c,
	author = {M. Klischat and O. Dragoi and M. Eissa and M. Althoff},
	booktitle = {Proc. of the {SUMO} User Conference},
	comment = {ZF4086007BZ8, CAR@TUM (BMW), interACT},
	owner = {matthias},
	pages = {1–9},
	series = {EPiC Series in Computing},
	timestamp = {2019.03.12},
	title = {Coupling SUMO with a Motion Planning Framework for Automated Vehicles},
	volume = {62},
	year = {2019}
}

@electronic{Kochdumper2022x,
	author = {N. Kochdumper and M. Althoff},
	comment = {DFG AL 1185/5-1 (faveAC)},
	journal = {arXiv:2005.08849},
	note = {arXiv:2005.08849},
	title = {Constrained Polynomial Zonotopes},
	year = {2022}
}

@inproceedings{Kochdumper2020d,
	author = {N. Kochdumper and M. Althoff},
	booktitle = {Proc. of the 23rd ACM International Conference on Hybrid Systems: Computation and Control},
	comment = {DFG AL 1185/5-1 (faveAC)},
	note = {Article No. 2},
	owner = {matthias},
	timestamp = {2019.10.24},
	title = {Reachability Analysis for Hybrid Systems with Nonlinear Guard Sets},
	year = {2020}
}

@article{Kochdumper2021a,
	author = {N. Kochdumper and M. Althoff},
	comment = {DFG AL 1185/5-1 (faveAC)},
	journal = {IEEE Transactions on Automatic Control},
	number = {9},
	owner = {matthias},
	pages = {4043–4058},
	timestamp = {2018.10.08},
	title = {Sparse Polynomial Zonotopes: A Novel Set Representation for Reachability Analysis},
	volume = {66},
	year = {2021}
}

@inproceedings{Kochdumper2020c,
	author = {N. Kochdumper and B. Schürmann and M. Althoff},
	booktitle = {Proc. of the 23rd ACM International Conference on Hybrid Systems: Computation and Control},
	comment = {DFG AL 1185/5-1 (faveAC)},
	note = {Article No. 1},
	owner = {matthias},
	timestamp = {2019.10.10},
	title = {Utilizing Dependencies to Obtain Subsets of Reachable Sets},
	year = {2020}
}

@inproceedings{Kopetzki2017,
	author = {A.-K. Kopetzki and B. Schürmann and M. Althoff},
	booktitle = {Proc. of the 56th IEEE Conference on Decision and Control},
	comment = {UnCoVerCPS},
	owner = {matthias},
	pages = {5626–5633},
	timestamp = {2017.07.12},
	title = {Methods for Order Reduction of Zonotopes},
	year = {2017}
}

@inproceedings{Koschi2017a,
	author = {M. Koschi and M. Althoff},
	booktitle = {Proc. of the IEEE Intelligent Vehicles Symposium},
	comment = {SPP1185, Car@TUM},
	owner = {matthias},
	pages = {1686–1693},
	timestamp = {2017.03.21},
	title = {{SPOT}: {A} Tool for Set-Based Prediction of Traffic Participants},
	year = {2017}
}

@inproceedings{Koschi2017b,
	author = {M. Koschi and M. Althoff},
	booktitle = {Proc. of the 20th IEEE International Conference on Intelligent Transportation Systems},
	comment = {CAR@TUM},
	owner = {matthias},
	timestamp = {2017.07.07},
	title = {Interaction-Aware Occupancy Prediction of Road Vehicles},
	year = {2017}
}

@inproceedings{Koschi2018,
	author = {M. Koschi and C. Pek and M. Althoff},
	booktitle = {Proc. of the 21st IEEE International Conference on Intelligent Transportation Systems},
	comment = {interACT},
	owner = {matthias},
	pages = {2704–2711},
	timestamp = {2018.05.02},
	title = {Set-Based Prediction of Pedestrians in Urban Environments Considering Formalized Traffic Rules},
	year = {2018}
}

@inproceedings{Koschi2019a,
	author = {M. Koschi and C. Pek and S. Maierhofer and M. Althoff},
	booktitle = {Proc. of the 22nd IEEE Intelligent Transportation Systems Conference},
	comment = {CAR@TUM (BMW), interACT},
	owner = {matthias},
	pages = {2879–2886},
	timestamp = {2019.04.17},
	title = {Computationally Efficient Safety Falsification of Adaptive Cruise Control Systems},
	year = {2019}
}

@inproceedings{Soentges2018b,
	author = {S. Söntges and M. Koschi and M. Althoff},
	booktitle = {Proc. of the IEEE Intelligent Vehicles Symposium},
	comment = {Car@TUM, interACT},
	owner = {matthias},
	pages = {1891–1897},
	timestamp = {2018.04.17},
	title = {Worst-Case Analysis of the Time-To-React Using Reachable Sets},
	year = {2018}
}

@inproceedings{Kraus2009,
	author = {S. Kraus and M. Althoff and B. Heißing and M. Buss},
	booktitle = {Proc. of the IEEE Intelligent Vehicles Symposium},
	filelinks = {media/New Volume/other/Jemdoc website/publications/2009/kraus-2009-IV.pdf:PDF; [poster]:media/New Volume/other/Jemdoc website/posters/2009/kraus-2009-IV_poster.pdf},
	groups = {Conferences},
	owner = {althoff},
	pages = {635–640},
	timestamp = {2009.03.27},
	title = {Cognition and Emotion in Autonomous Cars},
	year = {2009}
}

@inproceedings{Lee2015,
	author = {H.-S.~L. Lee and M. Althoff and S. Hoelldampf and M. Olbrich and E. Barke},
	booktitle = {Proc. of the 20th Asia and South Pacific Design Automation Conference},
	comment = {ROCS-Grid},
	owner = {matthias},
	pages = {725–730},
	timestamp = {2014.09.09},
	title = {Automated Generation of Hybrid System Models for Reachability Analysis of Nonlinear Analog Circuits},
	year = {2015}
}

@article{Li2018,
	author = {Y. Li and P. Zhang and M. Althoff},
	comment = {not funded by any of my projects},
	journal = {IEEE Transactions on Power Systems},
	number = {6},
	owner = {matthias},
	pages = {5147–5156},
	timestamp = {2018.03.02},
	title = {Distributed Formal Analysis for Power Networks with Deep Integration of Distributed Energy Resources},
	volume = {34},
	year = {2018}
}

@inproceedings{Liu2020b,
	author = {E.~I. Liu and C. Pek and M. Althoff},
	booktitle = {Proc. of the IEEE Intelligent Vehicles Symposium},
	comment = {DFG AL 1185/4-2 (SPP 1835), interACT},
	owner = {matthias},
	timestamp = {2020.02.02},
	title = {Provably Safe Cooperative Driving via Invariably Safe Sets},
	year = {2020}
}

@patent{Liu2018b,
	author = {S.~B. Liu and M. Althoff},
	dayfiled = {18.10.2018},
	nationality = {European},
	number = {6825427},
	owner = {matthias},
	timestamp = {2019.01.26},
	title = {Measures for a Reconfigurable Moduar Robot},
	year = {2019},
	yearfiled = {2018}
}

@inproceedings{Liu2020a,
	author = {S.~B. Liu and M. Althoff},
	booktitle = {Proc. of the International Conference on Robotics and Automation},
	comment = {ZF4086004LP7},
	owner = {matthias},
	pages = {4044–4050},
	timestamp = {2019.09.15},
	title = {Optimizing Performance in Automation through Modular Robots},
	year = {2020}
}

@inproceedings{Liu2018a,
	author = {S.~B. Liu and M. Althoff},
	booktitle = {Proc. of the IEEE/RSJ International Conference on Intelligent Robots and Systems},
	comment = {ZF4086004LP7, AL 1185/5-1},
	owner = {matthias},
	pages = {370–376},
	timestamp = {2018.03.01},
	title = {Reachset Conformance of Forward Dynamic Models for the Formal Analysis of Robots},
	year = {2018}
}

@article{Liu2023a,
	author = {Stefan B. Liu and Andrea Giusti and Matthias Althoff},
	doi = {10.1109/OJCSYS.2022.3222753},
	journal = {IEEE Open Journal of Control Systems},
	number = {},
	pages = {1–11},
	title = {Velocity Estimation of Robot Manipulators: An Experimental Comparison},
	volume = {2},
	year = {2023}
}

@inproceedings{Liu2017a,
	author = {S.~B. Liu and H. Roehm and C. Heinzemann and I. Lütkebohle and J. Oehlerking and M. Althoff},
	booktitle = {Proc. of the IEEE/RSJ International Conference on Intelligent Robots and Systems},
	comment = {UnCoVerCPS},
	owner = {matthias},
	pages = {1351–1357},
	timestamp = {2017.02.28},
	title = {Provably Safe Motion of Mobile Robots in Human Environments},
	year = {2017}
}

@inproceedings{Magdici2017a,
	author = {S. Magdici and M. Althoff},
	booktitle = {Proc. of the 20th World Congress of the International Federation of Automatic Control},
	comment = {PUMA, AL 1185/3-1},
	owner = {matthias},
	pages = {5774–5781},
	timestamp = {2017.02.28},
	title = {Adaptive Cruise Control with Safety Guarantees for Autonomous Vehicles},
	year = {2017}
}

@inproceedings{Magdici2016,
	author = {S. Magdici and M. Althoff},
	booktitle = {Proc. of the 19th International IEEE Conference on Intelligent Transportation Systems},
	comment = {PUMA},
	owner = {matthias},
	pages = {452–458},
	timestamp = {2016.09.16},
	title = {Fail-Safe Motion Planning of Autonomous Vehicles},
	year = {2016}
}

@inproceedings{Magdici2017b,
	author = {S. Magdici and Z. Ye and M. Althoff},
	booktitle = {Proc. of the 20th IEEE International Conference on Intelligent Transportation Systems},
	comment = {PUMA},
	owner = {matthias},
	timestamp = {2017.07.07},
	title = {Determining the Maximum Time Horizon for Vehicles to Safely Follow a Trajectory},
	year = {2017}
}

@inproceedings{Maierhofer2020a,
	author = {S. Maierhofer and A.-K. Rettinger and E.~C. Mayer and M. Althoff},
	booktitle = {Proc. of the IEEE Intelligent Vehicles Symposium},
	comment = {CAR@TUM (BMW), DFG AL 1185/7-1},
	owner = {matthias},
	pages = {752–759},
	timestamp = {2020.02.02},
	title = {Formalization of Interstate Traffic Rules in Temporal Logic},
	year = {2020}
}

@inproceedings{Manzinger2018a,
	author = {S. Manzinger and M. Althoff},
	booktitle = {Proc. of the 21st IEEE International Conference on Intelligent Transportation Systems},
	comment = {AL 1185/4-1 (SPP 1835)},
	owner = {matthias},
	pages = {444–451},
	timestamp = {2018.05.22},
	title = {Tactical Decision Making for Cooperative Vehicles Using Reachable Sets},
	year = {2018}
}

@inproceedings{Manzinger2017a,
	author = {S. Manzinger and M. Althoff},
	booktitle = {Proc. of Automatisierungssysteme, Assistenzsysteme und eingebettete Systeme für Transportmittel},
	comment = {SPP1835},
	owner = {matthias},
	pages = {348–367},
	timestamp = {2016.09.16},
	title = {Kooperative Bewegungsplanung autonomer Fahrzeuge unter Verwendung von Manöver-Templates},
	year = {2017}
}

@inproceedings{Manzinger2017c,
	author = {S. Manzinger and M. Althoff},
	booktitle = {Proc. of the 20th IEEE International Conference on Intelligent Transportation Systems},
	comment = {SPP1835},
	owner = {matthias},
	timestamp = {2017.07.07},
	title = {Negotiation of Drivable Areas of Cooperative Vehicles for Conflict Resolution},
	year = {2017}
}

@inproceedings{Manzinger2017b,
	author = {S. Manzinger and M. Leibold and M. Althoff},
	booktitle = {Proc. of the IEEE Intelligent Vehicles Symposium},
	comment = {SPP1835},
	owner = {matthias},
	pages = {647–654},
	timestamp = {2017.03.21},
	title = {Driving Strategy Selection for Cooperative Vehicles using Maneuver Templates},
	year = {2017}
}

@article{Manzinger2021,
	author = {S. Manzinger and C. Pek and M. Althoff},
	comment = {DFG AL 1185/3-2, DFG AL 1185/4-2},
	journal = {IEEE Transactions on Intelligent Vehicles},
	number = {2},
	pages = {232–248},
	title = {Using Reachable Sets for Trajectory Planning of Automated Vehicles},
	volume = {6},
	year = {2021}
}

@inproceedings{Mesesan2015,
	author = {G. Mesesan and E. Icer and M. Althoff},
	booktitle = {Proc. of the Workshop on Task Planning for Intelligent Robots in Service and Manufacturing},
	comment = {SMART-E},
	owner = {matthias},
	timestamp = {2015.08.18},
	title = {Hierarchical Genetic Path Planner for Highly Redundant Manipulators},
	year = {2015}
}

@inproceedings{Mesesan2018,
	author = {G. Mesesan and M.~A. Roa and E. Icer and M. Althoff},
	booktitle = {Proc. of the IEEE/RSJ International Conference on Intelligent Robots and Systems},
	comment = {SMART-E},
	owner = {matthias},
	pages = {6524–6531},
	timestamp = {2017.09.18},
	title = {Hierarchical Path Planner using Workspace Decomposition and Parallel Task-Space {RRTs}},
	year = {2018}
}

@inproceedings{Miller2018a,
	author = {C. Miller and C. Pek and M. Althoff},
	booktitle = {Proc. of the IEEE Intelligent Vehicles Symposium},
	comment = {not funded through one of my projects},
	owner = {matthias},
	pages = {1954–1961},
	timestamp = {2018.04.17},
	title = {Efficient Mixed-Integer Planning for Longitudinal and Lateral Control of Autonomous Vehicles},
	year = {2018}
}

@inproceedings{Mirchevska2018,
	author = {B. Mirchevska and C. Pek and M. Werling and M. Althoff and J. Boedecker},
	booktitle = {Proc. of the 21st IEEE International Conference on Intelligent Transportation Systems},
	comment = {Not funded through one of my projects},
	owner = {matthias},
	pages = {2156–2162},
	timestamp = {2018.05.02},
	title = {High-level Decision Making for Safe and Reasonable Autonomous Lane-changing with Reinforcement Learning},
	year = {2018}
}

@inproceedings{Kochdumper2020b,
	author = {N. Kochdumper and A. Tarraf and M. Rechmal and M. Olbrich and L. Hedrich and M. Althoff},
	booktitle = {Proc. of the 25th Asia and South Pacific Design Automation Conference},
	comment = {DFG AL 1185/5-1 (faveAC)},
	owner = {matthias},
	pages = {199–204},
	timestamp = {2019.09.04},
	title = {Establishing Reachset Conformance for the Formal Analysis of Analog Circuits},
	year = {2020}
}

@article{Nikol2019a,
	author = {D. Nikol and M. Althoff},
	comment = {AL 1185/7-1},
	journal = {InTeR - Zeitschrift zum Innovations- und Technikrecht},
	number = {1},
	owner = {matthias},
	pages = {12–16},
	timestamp = {2019.01.25},
	title = {Die Formalisierung von Rechtsnormen am Beispiel des Überholvorgangs},
	volume = {7},
	year = {2019}
}

@article{Patil2011,
	author = {M.~J. Patil and M. Althoff},
	filelinks = {media/New Volume/other/Jemdoc website/publications/2010/patil-2010-jvc.pdf},
	journal = {Journal of Vibration and Control},
	number = {11},
	owner = {matthias},
	pages = {1748–1758},
	timestamp = {2011.02.14},
	title = {Energy-consistent, {Galerkin} approach for the nonlinear dynamics of beams using intrinsic equations},
	volume = {17},
	year = {2011}
}

@inproceedings{Patil2006,
	author = {M.~J. Patil and M. Althoff},
	booktitle = {Proc. of the 47th AIAA/ASME/ASCE/AHS/ASC Structures, Structural Dynamics, and Materials Conference},
	filelinks = {media/New Volume/other/Jemdoc website/publications/2006/patil-2006-AIAA.pdf},
	groups = {Conferences},
	note = {AIAA Paper 2006-1737},
	owner = {althoff},
	timestamp = {2009.05.06},
	title = {Energy-Consistent, {Galerkin} Approach for the Nonlinear Dynamics of Beams Using Mixed, Intrinsic Equations},
	year = {2006}
}

@patent{Pek2016,
	author = {C. Pek and M. Althoff},
	language = {German},
	nationality = {Germany},
	number = {PA 2016122611 DE},
	owner = {matthias},
	timestamp = {2017.03.12},
	title = {Determining the Safety of Lane Change Maneuvers Based on Formailized Traffic Rules},
	yearfiled = {2016}
}

@patent{Pek2017c,
	author = {C. Pek and M. Althoff},
	nationality = {Germany},
	number = {PA 2017209736 DE},
	owner = {matthias},
	timestamp = {2018.02.28},
	title = {Verifying the Safety of Lane Change Maneuvers of Self-driving Vehicles Based on Formalized Traffic Rules},
	yearfiled = {2017}
}

@inproceedings{Pek2018a,
	author = {C. Pek and M. Althoff},
	booktitle = {Proc. of the IEEE/RSJ International Conference on Intelligent Robots and Systems},
	comment = {Not funded through one of my projects},
	owner = {matthias},
	pages = {3523–3530},
	timestamp = {2017.09.14},
	title = {Efficient Computation of Invariably Safe States for Motion Planning of Self-driving Vehicles},
	year = {2018}
}

@inproceedings{Pek2018b,
	author = {C. Pek and M. Althoff},
	booktitle = {Proc. of the 21st IEEE International Conference on Intelligent Transportation Systems},
	comment = {Not funded through one of my projects},
	owner = {matthias},
	pages = {1447–1454},
	timestamp = {2018.05.22},
	title = {Computationally Efficient Fail-safe Trajectory Planning for Self-driving Vehicles Using Convex Optimization},
	year = {2018}
}

@patent{Pek2017d,
	author = {C. Pek and M. Koschi and M. Althoff},
	language = {German},
	nationality = {Germany},
	number = {PA 2017120366 DE},
	owner = {matthias},
	timestamp = {2017.08.01},
	title = {Enhancing Motion Safety by Identifying Passageways unsing Safe Invariant Sets},
	yearfiled = {2017}
}

@inproceedings{Pek2019a,
	author = {C. Pek and M. Koschi and M. Althoff},
	booktitle = {Automatisiertes und Vernetztes Fahren},
	comment = {Car@TUM},
	owner = {matthias},
	pages = {260–274},
	timestamp = {2018.10.18},
	title = {An Online Verification Framework for Motion Planning of Self-driving Vehicles with Safety Guarantees},
	year = {2019}
}

@inproceedings{Pek2017b,
	author = {C. Pek and M. Koschi and M. Werling and M. Althoff},
	booktitle = {Proc. of the 56th IEEE Conference on Decision and Control},
	comment = {Car@TUM},
	owner = {matthias},
	pages = {320–326},
	timestamp = {2017.07.12},
	title = {Enhancing Motion Safety by Identifying Safety-critical Passageways},
	year = {2017}
}

@inproceedings{Pek2020a,
	author = {C. Pek and V. Rusinov and S. Manzinger and M. Althoff},
	booktitle = {Proc. of the IEEE Intelligent Vehicles Symposium},
	comment = {justITSELF, DFG AL 1185/4-1 (SPP 1835), interACT},
	owner = {matthias},
	pages = {1013–1020},
	timestamp = {2020.02.02},
	title = {{CommonRoad} Drivability Checker: Simplifying the Development and Validation of Motion Planning Algorithms},
	year = {2020}
}

@inproceedings{Pek2017a,
	author = {C. Pek and P. Zahn and M. Althoff},
	booktitle = {Proc. of the IEEE Intelligent Vehicles Symposium},
	comment = {Ko-HAF},
	owner = {matthias},
	pages = {1477–1483},
	timestamp = {2017.03.21},
	title = {Verifying the Safety of Lane Change Maneuvers of Self-driving Vehicles Based on Formalized Traffic Rules},
	year = {2017}
}

@article{Pereira2022,
	author = {A. Pereira and M. Baumann and J. Gerstner and M. Althoff},
	journal = {IEEE Transactions on Automation Science and Engineering},
	owner = {matthias},
	timestamp = {2019.10.11},
	title = {Improving Efficiency of Human-Robot Coexistence while Guaranteeing Safety: Theory and User Study},
	year = {2022}
}

@article{Pereira2018a,
	author = {A. Pereira and M. Althoff},
	comment = {SMART-E},
	journal = {IEEE Transactions on Automation Science and Engineering},
	number = {2},
	owner = {matthias},
	pages = {818–831},
	timestamp = {2015.10.05},
	title = {Overapproximative Human Arm Occupancy Prediction for Collision Avoidance},
	volume = {15},
	year = {2018}
}

@inproceedings{Pereira2017a,
	author = {A. Pereira and M. Althoff},
	booktitle = {Proc. of the IEEE/RSJ International Conference on Intelligent Robots and Systems},
	comment = {SMART-E, UnCoVerCPS},
	owner = {matthias},
	pages = {4473–4480},
	timestamp = {2016.09.16},
	title = {Calculating Human Reachable Occupancy for Guaranteed Collision-Free Planning},
	year = {2017}
}

@inproceedings{Pereira2017c,
	author = {A. Pereira and M. Althoff},
	booktitle = {ICRA-PlanRob-2017},
	comment = {SMART-E, UnCoVerCPS},
	owner = {matthias},
	timestamp = {2017.03.16},
	title = {Online Formal Verification of Robot Trajectories for Guaranteed Safety of Humans},
	year = {2017}
}

@techreport{Pereira2017d,
	author = {A. Pereira and M. Althoff},
	comment = {UnCoVerCPS, SMART-E},
	institution = {Technical University of Munich},
	number = {TUM-I1759},
	owner = {matthias},
	timestamp = {2017.12.28},
	title = {A {Cartesian-space} method for calculating human reachable occupancy},
	year = {2017}
}

@inproceedings{Pereira2016b,
	author = {A. Pereira and M. Althoff},
	booktitle = {International Conference on Robotics and Automation},
	comment = {SMART-E, UnCoVerCPS},
	owner = {matthias},
	pages = {1394–1401},
	timestamp = {2015.10.05},
	title = {Overapproximative Arm Occupancy Prediction for Human-Robot Interaction Built from Archetypal Movements},
	year = {2016}
}

@inproceedings{Pereira2015,
	author = {A. Pereira and M. Althoff},
	booktitle = {Proc. of the IEEE International Conference on Robotics and Automation},
	comment = {SMART-E},
	owner = {matthias},
	pages = {331–338},
	timestamp = {2015.02.05},
	title = {Safety Control of Robots under Computed Torque Control using Reachable Sets},
	year = {2015}
}

@inproceedings{Phan2019,
	author = {T. Phan-Minh and S. Guo and B. Schürmann and M. Althoff and R.~M. Murray},
	booktitle = {Proc. of the American Control Conference},
	comment = {UnCoVerCPS},
	owner = {matthias},
	pages = {1704–1711},
	timestamp = {2018.09.27},
	title = {A modal interface contract theory for guarded input/output automata with an application in traffic system design},
	year = {2019}
}

@article{Althoff2021c,
	article-number = {109662},
	author = {M. Althoff and J.~J. Rath},
	comment = {justITSELF, Ford},
	journal = {Automatica},
	note = {article no. 109662},
	title = {Comparison of Guaranteed State Estimators for Linear Time-Invariant Systems},
	volume = {130},
	year = {2021}
}

@inproceedings{Rizaldi2015b,
	author = {A. Rizaldi and M. Althoff},
	booktitle = {Proc. of the 18th IEEE International Conference on Intelligent Transportation Systems},
	comment = {PUMA},
	owner = {matthias},
	pages = {1658–1665},
	timestamp = {2015.06.16},
	title = {Formalising Traffic Rules for Accountability of Autonomous Vehicles},
	year = {2015}
}

@inproceedings{Rizaldi2016a,
	author = {A. Rizaldi and F. Immler and M. Althoff},
	booktitle = {8th NASA Formal Methods Symposium},
	comment = {PUMA},
	owner = {matthias},
	pages = {175–190},
	timestamp = {2016.04.11},
	title = {A Formally Verified Checker of the Safe Distance Traffic Rules for Autonomous Vehicles},
	year = {2016}
}

@inproceedings{Rizaldi2018a,
	author = {A. Rizaldi and F. Immler and B. Schürmann and M. Althoff},
	booktitle = {Proc. of the International Symposium on Automated Technology for Verification and Analysis},
	comment = {UnCoVerCPS, PUMA},
	owner = {matthias},
	pages = {75–90},
	timestamp = {2018.01.02},
	title = {A Formally Verified Motion Planner for Autonomous Vehicles},
	year = {2018}
}

@inproceedings{Rizaldi2017a,
	author = {A. Rizaldi and J. Keinholz and M. Huber and J. Feldle and F. Immler and M. Althoff and E. Hilgendorf and T. Nipkow},
	booktitle = {Proc. of the 13th International Conference on Integrated Formal Methods},
	comment = {PUMA, UnCoVerCPS},
	owner = {matthias},
	pages = {50–66},
	timestamp = {2017.06.30},
	title = {Formalising and Monitoring Traffic Rules for Autonomous Vehicles in {Isabelle/HOL}},
	year = {2017}
}

@inproceedings{Rizaldi2015,
	author = {A. Rizaldi and S. Söntges and M. Althoff},
	booktitle = {Proc. of the IEEE Intelligent Vehicles Symposium},
	comment = {vCar, PUMA},
	owner = {matthias},
	pages = {1173–1180},
	timestamp = {2015.04.29},
	title = {On Time-Memory Trade-Off for Collision Detection},
	year = {2015}
}

@inproceedings{Roehm2016b,
	author = {H. Roehm and J. Oehlerking and T. Heinz and M. Althoff},
	booktitle = {Proc. of the 14th International Symposium on Automated Technology for Verification and Analysis},
	comment = {UnCoVerCPS},
	owner = {matthias},
	pages = {412–427},
	timestamp = {2016.05.11},
	title = {{STL} Model Checking of Continuous and Hybrid Systems},
	year = {2016}
}

@article{Roehm2019a,
	author = {H. Roehm and J. Oehlerking and M. Woehrle and M. Althoff},
	comment = {UnCoVerCPS},
	journal = {ACM Transactions on Cyber-Physical Systems},
	number = {3},
	owner = {matthias},
	pages = {Article 30},
	timestamp = {2018.03.01},
	title = {Model Conformance for Cyber-Physical Systems: A Survey},
	volume = {3},
	year = {2019}
}

@inproceedings{Roehm2016,
	author = {H. Roehm and J. Oehlerking and M. Woehrle and M. Althoff},
	booktitle = {Proc. of Hybrid Systems: Computation and Control},
	comment = {UnCoVerCPS},
	owner = {matthias},
	pages = {277–286},
	timestamp = {2015.12.17},
	title = {Reachset Conformance Testing of Hybrid Automata},
	year = {2016}
}

@article{Roehm2022,
	article-number = {3567},
	author = {H. Roehm and A. Rausch and M. Althoff},
	doi = {10.3390/math10193567},
	journal = {Mathematics},
	number = {19},
	pages = {Article 3567},
	title = {Reachset Conformance and Automatic Model Adaptation for Hybrid Systems},
	url = {https://www.mdpi.com/2227-7390/10/19/3567},
	volume = {10},
	year = {2022}
}

@inproceedings{Rohrmueller2008,
	author = {F. Rohrmüller and M. Althoff and D. Wollherr and M. Buss},
	booktitle = {Proc. of the IEEE/RSJ International Conference on Intelligent Robots and Systems},
	filelinks = {media/New Volume/other/Jemdoc website/publications/2008/rohrmueller-2008-IROS.pdf:PDF; [talk]:media/New Volume/other/Jemdoc website/talks/2008/rohrmueller-2008-IROS_talk.pdf},
	owner = {althoff},
	pages = {2504–2510},
	timestamp = {2008.07.11},
	title = {Probabilistic Mapping of Dynamic Obstacles Using {Markov} Chains for Replanning in Dynamic Environments},
	year = {2008}
}

@article{Soentges2018a,
	author = {S. Söntges and M. Althoff},
	comment = {AL 1185/3-1, PUMA},
	journal = {IEEE Transactions on Intelligent Transportation Systems},
	number = {6},
	owner = {matthias},
	pages = {1855–1866},
	timestamp = {2016.09.16},
	title = {Computing the Drivable Area of Autonomous Road Vehicles in Dynamic Road Scenes},
	volume = {19},
	year = {2018}
}

@inproceedings{Soentges2015,
	author = {S. Söntges and M. Althoff},
	booktitle = {Proc. of the 18th IEEE International Conference on Intelligent Transportation Systems},
	comment = {vCar},
	owner = {matthias},
	pages = {956–961},
	timestamp = {2015.06.16},
	title = {Determining the Nonexistence of Evasive Trajectories for Collision Avoidance Systems},
	year = {2015}
}

@inproceedings{Soentges2017,
	author = {S. Söntges and M. Althoff},
	booktitle = {Prof. of the IEEE Intelligent Vehicles Symposium},
	comment = {AL 1185/3-1},
	owner = {matthias},
	pages = {160–166},
	timestamp = {2017.08.28},
	title = {Computing Possible Driving Corridors for Automated Vehicles},
	year = {2017}
}

@inproceedings{Schuermann2017a,
	author = {B. Schürmann and M. Althoff},
	booktitle = {Proc. of Hybrid Systems: Computation and Control},
	comment = {AL 1185/3-1, UnCoVerCPS},
	owner = {matthias},
	pages = {121–130},
	timestamp = {2015.12.17},
	title = {Convex Interpolation Control with Formal Guarantees for Disturbed and Constrained Nonlinear Systems},
	year = {2017}
}

@inproceedings{Schuermann2017c,
	author = {B. Schürmann and M. Althoff},
	booktitle = {Proc. of the 20th World Congress of the International Federation of Automatic Control},
	comment = {UnCoVerCPS},
	owner = {matthias},
	pages = {11515–11522},
	timestamp = {2017.02.28},
	title = {Guaranteeing Constraints of Disturbed Nonlinear Systems Using Set-Based Optimal Control in Generator Space},
	year = {2017}
}

@inproceedings{Schuermann2016a,
	author = {B. Schürmann and M. Althoff},
	booktitle = {Proc. of American Control Conference},
	comment = {UnCoVerCPS, AL 1185/2-1},
	owner = {matthias},
	pages = {2795–2801},
	timestamp = {2015.12.17},
	title = {Closed-Form Expressions of Convex Combinations},
	year = {2016}
}

@inproceedings{Schuermann2018a,
	author = {B. Schürmann and N. Kochdumper and M. Althoff},
	booktitle = {Proc. of the 57th IEEE Conference on Decision and Control},
	comment = {UnCoVerCPS, AL 1185/5-1(faveAC)},
	owner = {matthias},
	pages = {3463–3470},
	timestamp = {2018.03.20},
	title = {Reachset Model Predictive Control for Disturbed Nonlinear Systems},
	year = {2018}
}

@article{Schuermann2021,
	author = {B. Schürmann and M. Althoff},
	comment = {UnCoVerCPS, justITSELF},
	journal = {IEEE Transactions on Automatic Control},
	number = {3},
	owner = {matthias},
	pages = {981–994},
	timestamp = {2018.10.18},
	title = {Optimizing Sets of Solutions for Controlling Constrained Nonlinear Systems},
	volume = {66},
	year = {2021}
}

@inproceedings{Schuermann2017b,
	author = {B. Schürmann and M. Althoff},
	booktitle = {Proc. of the American Control Conference},
	comment = {UnCoVerCPS},
	owner = {matthias},
	pages = {2522–2529},
	timestamp = {2017.01.22},
	title = {Optimal Control of Sets of Solutions to Formally Guarantee Constraints of Disturbed Linear Systems},
	year = {2017}
}

@inproceedings{Schuermann2017d,
	author = {B. Schürmann and D. Heß and J. Eilbrecht and O. Stursberg and F. Köster and M. Althoff},
	booktitle = {Proc. of the 20th IEEE International Conference on Intelligent Transportation Systems},
	comment = {SPP 1835, UnCoVerCPS},
	owner = {matthias},
	pages = {1–8},
	timestamp = {2017.07.07},
	title = {Ensuring Drivability of Planned Motions Using Formal Methods},
	year = {2017}
}

@article{Schuermann2020,
	author = {B. Schürmann and R. Vignali and M. Prandini and M. Althoff},
	comment = {UnCoVerCPS},
	journal = {Nonlinear Analysis: Hybrid Systems},
	note = {Article 100826},
	owner = {matthias},
	timestamp = {2018.11.24},
	title = {Set-based Control for Disturbed Piecewise Affine Systems with State and Actuation Constraints},
	volume = {36},
	year = {2020}
}

@inproceedings{Schieben2020,
	author = {A. Schieben and M. Wilbrink and A. Dietrich and J. Ruenz and E. Portouli and A. Amditis and M. Althoff and M. Kaup and F. Tango and Y.-M. Lee and G. Markkula and N. Merat and F. Weber},
	booktitle = {Proc. of 8th Transport Research Arena},
	comment = {interACT},
	owner = {matthias},
	timestamp = {2019.05.01},
	title = {Designing cooperative interaction of automated vehicles in mixed traffic environments: Insights from the {interACT} project},
	year = {2020}
}

@inproceedings{Stark2018,
	author = {C. Stark and A. Pereira and M. Althoff},
	booktitle = {Proc. of the IEEE International Conference on Robotic Computing},
	comment = {UnCoVerCPS},
	owner = {matthias},
	pages = {209–216},
	timestamp = {2017.10.02},
	title = {Reachset Conformance Testing of Human Arms with a Biomechanical Model},
	year = {2018}
}

@inproceedings{Thuy2008,
	author = {M. Thuy and M. Goebl and F. Rattei and M. Althoff and F. Obermeier and S. Hawe and R. Nagel and S. Kraus and C. Wang and F. Hecker and M. Russ and M. Schweitzer and F. Puente León and G. Färber and M. Buss and K. Diepold and J. Eberspächer and B. Heißing and H.-J. Wünsche},
	booktitle = {Proc. of 3. Tagung Aktive Sicherheit durch Fahrerassistenz},
	filelinks = {media/New Volume/other/Jemdoc website/publications/2008/thuy-2008-FAS.pdf},
	groups = {Conferences},
	owner = {althoff},
	timestamp = {2008.07.11},
	title = {{K}ognitive {A}utomobile: {N}eue {K}onzepte und {I}deen des {S}onderforschungsbereiches/{TR-28}},
	year = {2008}
}

@article{Verdier2022,
	author = {C.~F. Verdier and N. Kochdumper and M. Althoff and M. Mazo},
	comment = {justITSELF},
	doi = {10.1016/j.automatica.2022.110184},
	issn = {0005-1098},
	journal = {Automatica},
	note = {article no. 110184},
	title = {Formal synthesis of closed-form sampled-data controllers for nonlinear continuous-time systems under {STL} specifications},
	volume = {139},
	year = {2022}
}

@inproceedings{Wagner2018,
	author = {M. Wagner and S. Liu and A. Giusti and M. Althoff},
	booktitle = {Proc. of IEEE International Conference on Robotic Computing},
	comment = {UnCoVerCPS},
	owner = {matthias},
	pages = {41–48},
	timestamp = {2017.10.19},
	title = {Interval-Arithmetic-Based Trajectory Scaling and Collision Detection for Robots with Uncertain Dynamics},
	year = {2018}
}

@inproceedings{Wang2020,
	author = {X. Wang and S. Nair and M. Althoff},
	booktitle = {Proc. of the 19th International Conference on Machine Learning and Applications},
	comment = {DFG AL 1185/3-2, Ford Motor Company},
	owner = {matthias},
	pages = {205–212},
	timestamp = {2019.09.15},
	title = {Falsification-Based Robust Adversarial Reinforcement Learning},
	year = {2020}
}

@inproceedings{Wetzlinger2020,
	author = {M. Wetzlinger and N. Kochdumper and M. Althoff},
	booktitle = {Proc. of the 59th IEEE Conference on Decision and Control},
	comment = {DFG GRK 2428 (CONVEY)},
	owner = {matthias},
	timestamp = {2019.10.23},
	title = {Adaptive Parameter Tuning for Reachability Analysis of Linear Systems},
	year = {2020}
}

@inproceedings{Wu2019a,
	author = {J. Wu and J. Ruenz and M. Althoff},
	booktitle = {Proc. of the 22nd Intelligent Transportation Systems Conference},
	comment = {interACT},
	owner = {matthias},
	pages = {1032–1038},
	timestamp = {2019.04.16},
	title = {Calibration of Controlled {Markov} Chains for Predicting Pedestrian Crossing Behavior Using Multi-objective Genetic Algorithms},
	year = {2019}
}

@inproceedings{Wu2018,
	author = {J. Wu and J. Ruenz and M. Althoff},
	booktitle = {Proc. of the IEEE Intelligent Vehicles Symposium},
	comment = {interACT},
	owner = {matthias},
	pages = {1285–1292},
	timestamp = {2018.02.15},
	title = {Probabilistic Map-based Pedestrian Motion Prediction Taking Traffic Participants into Consideration},
	year = {2018}
}

@inproceedings{Xue20xx,
	author = {B. Xue and M. Althoff and S. Bogomolov and S. Feng and N. Zhan},
	booktitle = {Proc. of the 32nd International Conference on Computer-Aided Verification},
	owner = {matthias},
	timestamp = {2019.10.23},
	title = {Over- and Under-Approximate Reachability Analysis for Reach-Avoid Differential Games with Delayed Strategies},
	year = {20xx}
}

@inproceedings{Ye2019,
	author = {E. Ye and M. Althoff},
	booktitle = {Proc. of the 22nd Intelligent Transportation Systems Conference},
	comment = {no funding},
	owner = {matthias},
	pages = {1128–1135},
	timestamp = {2019.04.17},
	title = {Model-based Offline Vehicle Tracking in Automotive Applications Using a Precise {3D} Model},
	year = {2019}
}

@inproceedings{Zeestraten2016,
	author = {M.~J.~A. Zeestraten and A. Pereira and M. Althoff and S. Calinon},
	booktitle = {Proc. of IEEE International Conference on Systems, Man, and Cybernetics},
	comment = {SMART-E, UnCoVerCPS},
	owner = {matthias},
	pages = {2116–2121},
	timestamp = {2016.04.18},
	title = {Online Motion Synthesis with Minimal Intervention Control and Formal Safety Guarantees},
	year = {2016}
}

@inproceedings{Zhu2018,
	author = {A. Zhu and S. Manzinger and M. Althoff},
	booktitle = {Proc. of the IEEE Intelligent Vehicles Symposium},
	comment = {AL 1185/4-1(SPP 1835), interACT},
	owner = {matthias},
	pages = {642–649},
	timestamp = {2018.01.12},
	title = {Evaluating Location Compliance Approaches for Automated Road Vehicles},
	year = {2018}
}

@proceedings{Frehse2019,
	comment = {no funding},
	editor = {G. Frehse and M. Althoff},
	owner = {matthias},
	publisher = {EasyChair},
	series = {EasyChair Proceedings in Computing},
	timestamp = {2019.11.21},
	title = {ARCH19. 6th International Workshop on Applied Verification of Continuous and Hybrid Systems},
	year = {2019}
}

@proceedings{Frehse2018,
	editor = {G. Frehse and M. Althoff},
	owner = {matthias},
	publisher = {EasyChair},
	series = {EasyChair Proceedings in Computing},
	timestamp = {2018.08.03},
	title = {ARCH18. 5th International Workshop on Applied Verification for Continuous and Hybrid Systems},
	year = {2018}
}

@proceedings{Frehse2017,
	editor = {G. Frehse and M. Althoff},
	owner = {matthias},
	series = {EPiC Series in Computing},
	timestamp = {2017.03.12},
	title = {ARCH16. 3rd International Workshop on Applied Verification for Continuous and Hybrid Systems},
	volume = {43},
	year = {2017}
}

@proceedings{Frehse2017b,
	editor = {G. Frehse and M. Althoff},
	owner = {matthias},
	series = {EPiC Series in Computing},
	timestamp = {2018.02.23},
	title = {ARCH17. 4th International Workshop on Applied Verification for Continuous and Hybrid Systems},
	volume = {48},
	year = {2017}
}

@proceedings{Frehse2015,
	editor = {G. Frehse and M. Althoff},
	owner = {matthias},
	series = {EPiC Series in Computing},
	timestamp = {2015.12.17},
	title = {ARCH14-15. 1st and 2nd International Workshop on Applied veRification for Continuous and Hybrid Systems},
	volume = {34},
	year = {2015}
}

@article{Giusti2022,
	author = {A. Giusti and S.~B. Liu and M. Althoff},
	comment = {CONCERT},
	doi = {10.1109/TCST.2021.3118488},
	journal = {IEEE Transactions on Control Systems Technology},
	number = {4},
	pages = {1525–1537},
	title = {Interval-Arithmetic-Based Robust Control of Fully Actuated Mechanical Systems},
	volume = {30},
	year = {2022}
}

@inproceedings{Ye2020a,
	author = {E. Ye and M. Althoff},
	booktitle = {Proc. of the 23rd IEEE International Conference on Intelligent Transportation Systems},
	comment = {no funding received},
	title = {Cooperative Raw Sensor Data Fusion for Ground Truth Generation in Autonomous Driving},
	year = {2020}
}

@inproceedings{Ye2020b,
	author = {E. Ye and M. Althoff},
	booktitle = {Proc. of the 23rd IEEE International Conference on Intelligent Transportation Systems},
	comment = {no funding received},
	title = {Mutual Absolute Calibration of Lidar Sensor Mounting Position on Vehicle Platforms with corresponding {3D} Models},
	year = {2020}
}

@inproceedings{Klischat2020b,
	author = {M. Klischat and E.~I. Liu and F. Hoeltke and M. Althoff},
	booktitle = {Proc. of the 23rd IEEE International Conference on Intelligent Transportation Systems},
	comment = {ZF4086007BZ8, DFG AL 1185/4-2 (SPP 1835)},
	title = {Scenario Factory: Creating Safety-Critical Traffic Scenarios for Automated Vehicles},
	year = {2020}
}

@inproceedings{Krasowski2020a,
	author = {H. Krasowski and X. Wang and M. Althoff},
	booktitle = {Proc. of the 23rd IEEE International Conference on Intelligent Transportation Systems},
	comment = {DFG AL 1185/3-2, DFG GRK 2428 (CONVEY)},
	pages = {1–7},
	title = {Safe Reinforcement Learning for Autonomous Lane Changing Using Set-Based Prediction},
	year = {2020}
}

@article{Pek2021a,
	author = {C. Pek and M. Althoff},
	comment = {interACT},
	journal = {IEEE Transactions on Robotics},
	number = {3},
	pages = {798–814},
	title = {Fail-safe Motion Planning for Online Verification of Autonomous Vehicles Using Convex Optimization},
	volume = {37},
	year = {2021}
}

@inproceedings{Kochdumper2020e,
	author = {N. Kochdumper and M. Althoff},
	booktitle = {Proc. of the 59th IEEE Conference on Decision and Control},
	comment = {DFG AL 1185/5-1 (faveAC)},
	pages = {2130–2137},
	title = {Computing Non-Convex Inner-Approximations of Reachable Sets for Nonlinear Continuous Systems},
	year = {2020}
}

@article{Koschi2021,
	author = {M. Koschi and M. Althoff},
	comment = {CAR@TUM (BMW), justITSELF},
	journal = {IEEE Transactions on Intelligent Vehicles},
	number = {2},
	pages = {249–265},
	title = {Set-based Prediction of Traffic Participants Considering Occlusions and Traffic Rules},
	volume = {6},
	year = {2021}
}

@article{Alanwar20xx,
	author = {A. Alanwar and J.~J. Rath and H. Said and K.~H. Johansson and M. Althoff},
	journal = {The Journal of the Franklin Institute},
	title = {Distributed Set-Based Observers Using Diffusion Strategy},
	year = {20xx}
}

@inproceedings{Althoff2020b,
	author = {M. Althoff and M. Mayer and R. Müller},
	booktitle = {Proc. of the IEEE/RSJ International Conference on Intelligent Robots and Systems},
	comment = {justITSELF},
	pages = {4040–4046},
	title = {Automatic Synthesis of Human Motion from Temporal Logic Specifications},
	year = {2020}
}

@article{Althoff2020c,
	author = {M. Althoff},
	comment = {DFG AL 1185/5-1},
	journal = {IEEE Transactions on Automatic Control},
	number = {2},
	pages = {477–492},
	title = {Reachability Analysis of Large Linear Systems With Uncertain Inputs in the {Krylov} Subspace},
	volume = {65},
	year = {2020}
}

@article{Gruber2021a,
	author = {F. Gruber and M. Althoff},
	comment = {justITSELF, interACT},
	journal = {IEEE Control Systems Letters},
	number = {2},
	pages = {385–390},
	title = {Computing Safe Sets of Linear Sampled-Data Systems},
	volume = {5},
	year = {2021}
}

@inproceedings{Ge2019,
	author = {J.~I. Ge and B. Schürmann and R.~M. Murray and M. Althoff},
	booktitle = {Proc. of the American Control Conference},
	comment = {UnCoVerCPS},
	owner = {matthias},
	pages = {3987–3993},
	timestamp = {2018.09.27},
	title = {Risk-aware motion planning for automated vehicle among human-driven cars},
	year = {2019}
}

@article{Schuermann2022,
	author = {Bastian Schürmann and Moritz Klischat and Niklas Kochdumper and Matthias Althoff},
	doi = {10.1109/TAC.2021.3124188},
	journal = {IEEE Transactions on Automatic Control},
	number = {11},
	pages = {5698–5713},
	title = {Formal Safety Net Control Using Backward Reachability Analysis},
	volume = {67},
	year = {2022}
}

@article{Pek2020c,
	author = {C. Pek and S. Manzinger and M. Koschi and M. Althoff},
	comment = {CAR@TUM (BMW), DFG AL 1185/4-2, DFG AL 1185/3-2.},
	journal = {Nature Machine Intelligence},
	pages = {518–528},
	title = {Using online verification to prevent autonomous vehicles from causing accidents},
	volume = {2},
	year = {2020}
}

@article{Ye2021a,
	author = {E. Ye and G. Würsching and S. Steyer and M. Althoff},
	comment = {no funding received},
	journal = {IEEE Robotics and Automation Letters},
	number = {3},
	pages = {5501–5508},
	title = {Offline Dynamic Grid Generation for Automotive Environment Perception Using Temporal Inference Methods},
	volume = {6},
	year = {2021}
}

@article{Althoff2021b,
	author = {M. Althoff and G. Frehse and A. Girard},
	comment = {justITSELF},
	doi = {10.1146/annurev-control-071420-081941},
	journal = {Annual Review of Control, Robotics, and Autonomous Systems},
	number = {1},
	pages = {369–395},
	title = {Set Propagation Techniques for Reachability Analysis},
	volume = {4},
	year = {2021}
}

@article{Schaefer2023a,
	author = {Lukas Schäfer and Stefanie Manzinger and Matthias Althoff},
	comment = {DFG AL 1185/4-2 (SPP 1835)},
	doi = {10.1109/TIV.2021.3077702},
	journal = {IEEE Transactions on Intelligent Vehicles},
	number = {1},
	pages = {216–231},
	title = {Computation of Solution Spaces for Optimization-Based Trajectory Planning},
	volume = {8},
	year = {2023}
}

@electronic{Alanwar2020b,
	author = {A. Alanwar and V. Gassmann and X. He and H. Said and H. Sandberg and K.~H. Johansson and M. Althoff},
	journal = {IEEE Transactions on Cyber-Physical Systems},
	note = {arXiv:2010.11097},
	title = {Privacy Preserving Set-Based Estimation Using Partially Homomorphic Encryption},
	year = {2020}
}

@inproceedings{Kochdumper2021b,
	author = {N. Kochdumper and F. Gruber and V. Gaßmann and M. Klischat and B. Schürmann and M. Althoff},
	booktitle = {Proc. of the 24th ACM International Conference on Hybrid Systems: Computation and Control},
	comment = {justITSELF, UnCoVerCPS},
	note = {article no. 23},
	title = {{AROC}: A Toolbox for Automated Reachset Optimal Controller Synthesis},
	year = {2021}
}

@inproceedings{Gruber2021c,
	author = {F. Gruber and M. Althoff},
	booktitle = {Proc. of the 60th IEEE Conference on Decision and Control},
	comment = {justITSELF},
	doi = {10.1109/CDC45484.2021.9683384},
	pages = {2563–2570},
	title = {Scalable robust output feedback {MPC} of linear sampled-data systems},
	year = {2021}
}

@article{Kulmburg2021a,
	author = {A. Kulmburg and M. Althoff},
	comment = {justITSELF},
	doi = {10.1016/j.ejcon.2021.06.028},
	journal = {European Journal of Control},
	pages = {84–91},
	title = {On the co-{NP}-completeness of the zonotope containment problem},
	volume = {62},
	year = {2021}
}

@inproceedings{Kothyari2022a,
	author = {A. Kothyari and A. Mohapatra and M. Althoff},
	booktitle = {Proc. of the American Control Conference},
	title = {Reachset-MPC-Based Frequency Control for Power Systems with Uncertain Renewable Generation},
	year = {2022}
}

@inproceedings{Althoff2020a,
	author = {M. Althoff and S. Bak and Z. Bao and M. Forets and G. Frehse and D. Freire and N. Kochdumper and Y. Li and S. Mitra and R. Ray and C. Schilling and S. Schupp and M. Wetzlinger},
	bibsource = {EasyChair, https://easychair.org},
	booktitle = {Proc. of the 7th International Workshop on Applied Verification of Continuous and Hybrid Systems},
	comment = {justITSELF},
	editor = {Goran Frehse and Matthias Althoff},
	issn = {2398-7340},
	pages = {16–48},
	series = {EPiC Series in Computing},
	title = {{ARCH-COMP20} Category Report: Continuous and Hybrid Systems with Linear Continuous Dynamics},
	volume = {74},
	year = {2020}
}

@inproceedings{Geretti2020,
	author = {L. Geretti and J.~A. {dit Sandretto} and M. Althoff and L. Benet and A. Chapoutot and X. Chen and P. Collins and M. Forets and D. Freire and F. Immler and N. Kochdumper and D.~P. Sanders and C. Schilling},
	bibsource = {EasyChair, https://easychair.org},
	booktitle = {Proc. of the 7th International Workshop on Applied Verification of Continuous and Hybrid Systems},
	comment = {justITSELF},
	editor = {Goran Frehse and Matthias Althoff},
	issn = {2398-7340},
	pages = {49–75},
	series = {EPiC Series in Computing},
	title = {{ARCH-COMP20} Category Report: Continuous and Hybrid Systems with Nonlinear Dynamics},
	volume = {74},
	year = {2020}
}

@article{Vogel2020,
	author = {P. Vogel and M. Althoff},
	comment = {AL 1185/7-1},
	journal = {InTeR - Zeitschrift zum Innovations- und Technikrecht},
	number = {2},
	pages = {89–94},
	title = {Rekonstruktion von durch vollautomatisierte {Fahrzeuge} verursachten {Verkehrsunfällen}},
	volume = {8},
	year = {2020}
}

@patent{Althoff2020d,
	author = {M. Althoff and S. Maierhofer and C. Pek},
	number = {EP 20 169 720.8},
	title = {Provably-Correct and Comfortable Adaptive Cruise Control},
	year = {2020}
}

@inproceedings{Liu2021b,
	author = {Edmond Irani Liu and Matthias Althoff},
	booktitle = {Proc. of the 32nd IEEE Intelligent Vehicles Symposium},
	comment = {AL 1185/4-2, Huawei},
	doi = {10.1109/IV48863.2021.9575739},
	pages = {1037–1044},
	title = {Computing Specification-Compliant Reachable Sets for Motion Planning of Automated Vehicles},
	year = {2021}
}

@inproceedings{Krasowski2021a,
	author = {Hanna Krasowski and Matthias Althoff},
	booktitle = {Proc. of the 32nd IEEE Intelligent Vehicles Symposium},
	comment = {CONVEY},
	doi = {10.1109/IV48863.2021.9575685},
	pages = {186–192},
	title = {Temporal Logic Formalization of Marine Traffic Rules},
	year = {2021}
}

@inproceedings{Maierhofer2022a,
	author = {Sebastian Maierhofer and Paul Moosbrugger and Matthias Althoff},
	booktitle = {Proc. of the 33rd IEEE Intelligent Vehicles Symposium},
	pages = {1135–1144},
	title = {Formalization of Intersection Traffic Rules in Temporal Logic},
	year = {2022}
}

@inproceedings{Liu2021c,
	author = {S.~B. Liu and M. Althoff},
	booktitle = {IEEE/RSJ International Conference on Intelligent Robots and Systems},
	comment = {ZF4086004LP7, ZF4086012DB9, CONCERT},
	doi = {10.1109/IROS51168.2021.9636610},
	pages = {777–783},
	title = {Online Verification of Impact-Force-Limiting Control for Physical Human-Robot Interaction},
	year = {2021}
}

@article{Gassmann2021a,
	author = {Victor Gaßmann and Matthias Althoff},
	comment = {justITSELF},
	doi = {10.1016/j.ifacol.2021.08.479},
	issn = {2405-8963},
	journal = {IFAC-PapersOnLine},
	note = {7th IFAC Conference on Analysis and Design of Hybrid Systems},
	number = {5},
	pages = {85–90},
	title = {Verified Polynomial Controller Synthesis for Disturbed Nonlinear Systems},
	volume = {54},
	year = {2021}
}

@inproceedings{Wang2021b,
	author = {Xiao Wang and Hanna Krasowski and Matthias Althoff},
	booktitle = {Proc. of the IEEE International Intelligent Transportation Systems Conference},
	comment = {AL 1185 3-2, CONVEY},
	doi = {10.1109/ITSC48978.2021.9564898},
	pages = {466–472},
	title = {{CommonRoad-RL}: A Configurable Reinforcement Learning Environment for Motion Planning of Autonomous Vehicles},
	year = {2021}
}

@inproceedings{Lin2021,
	author = {Yuanfei Lin and Sebastian Maierhofer and Matthias Althoff},
	booktitle = {Proc. of the IEEE International Intelligent Transportation Systems Conference},
	comment = {BMW , AL 1185/3-2},
	doi = {10.1109/ITSC48978.2021.9565060},
	pages = {572–579},
	title = {Sampling-Based Trajectory Repairing for Autonomous Vehicles},
	year = {2021}
}

@inproceedings{Maierhofer2021b,
	author = {Sebastian Maierhofer and Moritz Klischat and Matthias Althoff},
	booktitle = {Proc. of the IEEE International Intelligent Transportation Systems Conference},
	comment = {BMW,ZF4086007BZ8},
	doi = {10.1109/ITSC48978.2021.9564885},
	pages = {3176–3182},
	title = {{CommonRoad} Scenario Designer: An Open-Source Toolbox for Map Conversion and Scenario Creation for Autonomous Vehicles},
	year = {2021}
}

@article{Gruber20xb,
	author = {F. Gruber and M. Althoff},
	journal = {IEEE Transactions on Automatic Control},
	title = {Scalable Data-Driven Safety Filter with Unknown Disturbance Bounds},
	year = {20xx}
}

@inproceedings{Wuersching2021a,
	author = {Gerald Würsching and Matthias Althoff},
	booktitle = {Proc. of the IEEE International Intelligent Transportation Systems Conference},
	comment = {AL 1185/3-2},
	doi = {10.1109/ITSC48978.2021.9564801},
	pages = {828–835},
	title = {Sampling-Based Optimal Trajectory Generation for Autonomous Vehicles Using Reachable Sets},
	year = {2021}
}

@inproceedings{Gressenbuch2021a,
	author = {L. Gressenbuch and M. Althoff},
	booktitle = {Proc. of the International Intelligent Transportation Systems Conference},
	comment = {AL 1185/7-1},
	doi = {10.1109/ITSC48978.2021.9564432},
	pages = {915–922},
	title = {Predictive Monitoring of Traffic Rules},
	year = {2021}
}

@article{Amr202x,
	author = {A. Alanwar and V. Gassmann and X. He and H. Said and H. Sandberg and K. H. Johansson and M. Althoff},
	booktitle = {IEEE Transactions on Information Forensics \& Security},
	note = {arXiv:2010.11097},
	title = {Privacy Preserving Set-Based Estimation Using Partially Homomorphic Encryption},
	year = {202x}
}

@inproceedings{Kochdumper2021c,
	author = {N. Kochdumper and P. Gassert and M. Althoff},
	bibsource = {EasyChair, https://easychair.org},
	booktitle = {8th International Workshop on Applied Verification of Continuous and Hybrid Systems (ARCH21)},
	comment = {justITSELF},
	doi = {10.29007/1973},
	editor = {Goran Frehse and Matthias Althoff},
	issn = {2398-7340},
	pages = {184–194},
	publisher = {EasyChair},
	series = {EPiC Series in Computing},
	title = {Verification of Collision Avoidance for {CommonRoad} Traffic Scenarios},
	url = {https://easychair.org/publications/paper/cqFP},
	volume = {80},
	year = {2021}
}

@inproceedings{Althoff2021d,
	author = {M. Althoff},
	bibsource = {EasyChair, https://easychair.org},
	booktitle = {Proc. of the 8th International Workshop on Applied Verification of Continuous and Hybrid Systems},
	comment = {justITSELF},
	doi = {10.29007/7m2k},
	editor = {G. Frehse and M. Althoff},
	issn = {2398-7340},
	pages = {161–175},
	publisher = {EasyChair},
	series = {EPiC Series in Computing},
	title = {Guaranteed State Estimation in {CORA} 2021},
	url = {https://easychair.org/publications/paper/hMPK},
	volume = {80},
	year = {2021}
}

@inproceedings{Althoff2020e,
	author = {M. Althoff},
	booktitle = {Post-proceedings of the Summer School Marktoberdorf: Safety and Security of Software Systems - Logics, Proofs, Applications},
	isbn = {978-3-95884-044-7},
	pages = {11–32},
	title = {Build Your Own Reachability Analyzer with CORA},
	year = {2020}
}

@inproceedings{Althoff2021e,
	author = {M. Althoff},
	booktitle = {Proc. of the IROS Workshop on Modular and Reconfigurable Robot Mechatronics and Control: Challenges and Recent Advancements},
	comment = {CONCERT},
	title = {Ensuring Flexibility and Safety through Self-Programming Modular Robots},
	year = {2021}
}

@inproceedings{Althoff2018d,
	author = {M. Althoff and S. Urban and M. Koschi},
	booktitle = {Proc. of the IEEE International Conference on Service Operations and Logistics, and Informatics},
	keywords = {CARatTUM},
	pages = {161–166},
	title = {Automatic Conversion of Road Networks from {OpenDRIVE} to Lanelets},
	year = {2018}
}

@inproceedings{Han2016b,
	author = {D. Han and A. Rizaldi and A. El-Guindy and M. Althoff},
	booktitle = {Proc.of the IEEE International Symposium on Intelligent Control},
	comment = {AL 1185/2-1, PUMA},
	owner = {matthias},
	pages = {685–692},
	timestamp = {2016.04.18},
	title = {On Enlarging Backward Reachable Sets via Zonotopic Set Membership},
	year = {2016}
}

@proceedings{Mayer2022x,
	author = {Matthias Mayer and Matthias Althoff},
	booktitle = {Proc. of the IEEE/RSJ International Conference on Intelligent Robots and Systems},
	title = {cRoK: A Composable Robotics Benchmark},
	year = {2022}
}

@inproceedings{Thumm2022a,
	author = {Jakob Thumm and Matthias Althoff},
	booktitle = {Proc. of the IEEE International Conference on Robotics and Automation},
	doi = {10.1109/ICRA46639.2022.9811698},
	pages = {6344–6350},
	title = {Provably Safe Deep Reinforcement Learning for Robotic Manipulation in Human Environments},
	year = {2022}
}

@inproceedings{Althoff2021f,
	author = {M. Althoff and E. Ábrahám and M. Forets and G. Frehse and D. Freire and C. Schilling and S. Schupp and M. Wetzlinger},
	booktitle = {Proc. of the 8th International Workshop on Applied Verification of Continuous and Hybrid Systems},
	comment = {justITSELF, CONVEY},
	doi = {10.29007/lhbw},
	issn = {2398-7340},
	pages = {1–31},
	title = {{ARCH-COMP21} Category Report: Continuous and Hybrid Systems with Linear Continuous Dynamics},
	url = {https://easychair.org/publications/paper/81BS},
	volume = {80},
	year = {2021}
}

@inproceedings{Geretti2021,
	author = {L. Geretti and J.~A. {dit Sandretto} and M. Althoff and L. Benet and A. Chapoutot and P. Collins and P.~S. Duggirala and M. Forets and E. Kim and U. Linares and D.~P. Sanders and C. Schilling and M. Wetzlinger},
	booktitle = {Proc. of the 8th International Workshop on Applied Verification of Continuous and Hybrid Systems},
	comment = {justITSELF, CONVEY},
	pages = {32–54},
	title = {{ARCH-COMP21} Category Report: Continuous and Hybrid Systems with Nonlinear Dynamics},
	volume = {80},
	year = {2021}
}

@article{Schaefer202x,
	author = {Lukas Schäfer and Felix Gruber and Matthias Althoff},
	booktitle = {IEEE Transactions on Automatic Control},
	title = {Scalable Computation of Robust Control Invariant Sets of Nonlinear Systems}
}

@inproceedings{Wetzlinger2021,
	articleno = {16},
	author = {Mark Wetzlinger and Adrian Kulmburg and Matthias Althoff},
	booktitle = {Proc. of the 24th International Conference on Hybrid Systems: Computation and Control},
	comment = {CONVEY, justITSELF},
	doi = {10.1145/3447928.3456643},
	isbn = {9781450383394},
	numpages = {11},
	publisher = {Association for Computing Machinery},
	series = {HSCC '21},
	title = {Adaptive Parameter Tuning for Reachability Analysis of Nonlinear Systems},
	url = {https://doi.org/10.1145/3447928.3456643},
	year = {2021}
}

@inproceedings{Kochdumper2023b,
	author = {Niklas Kochdumper and Christian Schilling and Matthias Althoff and Stanley Bak},
	booktitle = {Proc. of NASA Formal Methods},
	title = {Open- and Closed-Loop Neural Network Verification using Polynomial Zonotopes},
	year = {2023}
}

@inproceedings{Krasowski2022a,
	author = {Hanna Krasowski and Jakob Thumm and Marlon Müller and Xiao Wang and Matthias Althoff},
	booktitle = {IEEE Transactions on Neural Networks and Learning Systems},
	title = {Provably Safe Reinforcement Learning: A Theoretical and Experimental Comparison}
}

@inproceedings{Lin2022a,
	author = {Yuanfei Lin and Matthias Althoff},
	booktitle = {Proc. of the IEEE Intelligent Vehicles Symposium},
	title = {Rule-Compliant Trajectory Repairing using Satisfiability Modulo Theories}
}

@article{Liu2023,
	author = {S.~B. Liu and B. Schürmann and M. Althoff},
	doi = {10.1109/TRO.2023.3277268},
	journal = {IEEE Transactions on Robotics},
	note = {early access},
	title = {Guarantees for Real Robotic Systems: Unifying Formal Controller Synthesis and Reachset-Conformant Identification},
	year = {2023}
}

@inproceedings{Krasowski2022b,
	author = {Hanna Krasowski and Matthias Althoff},
	booktitle = {Proc. of the 25th IEEE International Conference on Intelligent Transportation Systems},
	comment = {TRAITS, DFG GRK 2428 (CONVEY)},
	doi = {10.1109/ITSC55140.2022.9921925},
	pages = {1676–1682},
	title = {{CommonOcean}: Composable Benchmarks for Motion Planning on Oceans},
	year = {2022}
}

@inproceedings{Halder2022a,
	author = {Patrick Halder and Matthias Althoff},
	booktitle = {Proc. of the 25th IEEE International Conference on Intelligent Transportation Systems},
	title = {Minimum-Violation Velocity Planning with Temporal Logic Constraints},
	year = {2022}
}

@inproceedings{Wang2022a,
	author = {Xiao Wang and Christoph Pillmayer and Matthias Althoff},
	booktitle = {Proc. of the 25th IEEE International Conference on Intelligent Transportation Systems},
	title = {Learning to Obey Traffic Rules using Constrained Policy Optimization},
	year = {2022}
}

@inproceedings{Krasowski2022c,
	author = {Hanna Krasowski and Yinqiang Zhang and Matthias Althoff},
	booktitle = {Proc. of 25th IEEE International Conference on Intelligent Transportation Systems},
	comment = {DFG GRK 2428 (CONVEY)},
	doi = {10.1109/ITSC55140.2022.9922166},
	pages = {2407–2414},
	title = {Safe Reinforcement Learning for Urban Driving using Invariably Safe Braking Sets},
	year = {2022}
}

@inproceedings{Liu2022b,
	author = {Edmond {Irani Liu} and Gerald Würsching and Moritz klischat and Matthias Althoff},
	booktitle = {Proc. of the 25th IEEE International Conference on Intelligent Transportation Systems},
	title = {CommonRoad-Reach: a Toolbox for Reachability Analysis of Automated Vehicles},
	year = {2022}
}

@inproceedings{Gressenbuch2022a,
	author = {Luis Gressenbuch and Klemens Esterle and Tobias Kessler and Matthias Althoff},
	booktitle = {Proc. of the 25th IEEE International Conference on Intelligent Transportation Systems},
	title = {{MONA}: The Munich Motion Dataset of Natural Driving},
	year = {2022}
}

@inproceedings{Eichelbeck2022a,
	author = {Michael Eichelbeck and Hannah Markgraf and Matthias Althoff},
	booktitle = {Proc. of the 61st IEEE Conference on Decision and Control},
	title = {Contingency-constrained economic dispatch with safe reinforcement learning},
	year = {2022}
}

@inproceedings{Kothyari2022a-2,
	author = {Ashish Kothyari and Matthias Althoff},
	booktitle = {Proc. of the 61st IEEE Conference on Decision and Control},
	title = {A Novel Real-Time Robust Nonlinear Economic MPC Using Reachable Sets},
	year = {2022}
}

@article{Klischat2023,
	author = {Moritz Klischat and Matthias Althoff},
	doi = {10.1109/TIV.2022.3191179},
	journal = {IEEE Transactions on Intelligent Vehicles},
	number = {2},
	pages = {1717–1730},
	title = {Falsifying Motion Plans of Autonomous Vehicles With Abstractly Specified Traffic Scenarios},
	volume = {8},
	year = {2023}
}

@inproceedings{Schepp2022,
	author = {Sven R. Schepp and Jakob Thumm and Stefan B. Liu and Matthias Althoff},
	booktitle = {Proc. of the IEEE International Conference on Robotics and Automation},
	doi = {10.1109/ICRA46639.2022.9811952},
	pages = {4312–4317},
	title = {{SaRA}: A Tool for Safe Human-Robot Coexistence and Collaboration through Reachability Analysis},
	year = {2022}
}

@article{Wetzlinger202x,
	author = {Mark Wetzlinger and Niklas Kochdumper and Stanley Bak and Matthias Althoff},
	booktitle = {IEEE Transactions on Automatic Control},
	journaltitle = {IEEE Transactions on Automatic Control},
	title = {Fully-Automated Verification of Linear Systems Using Inner- and Outer-Approximations of Reachable Sets}
}

@article{Wu2023,
	author = {Jingyuan Wu and Johannes Ruenz and Hendrik Berkemeyer and Liza Dixon and Matthias Althoff},
	booktitle = {IEEE Transactions on Intelligent Vehicles},
	title = {Goal-Oriented Pedestrian Motion Prediction}
}

@inproceedings{Gassmann2022a,
	author = {Victor Gaßmann and Matthias Althoff},
	booktitle = {Proc. of 9th International Workshop on Applied Verification of Continuous and Hybrid Systems},
	doi = {10.29007/p328},
	issn = {2398-7340},
	pages = {1–17},
	title = {Implementation of Ellipsoidal Operations in {CORA} 2022},
	year = {2022}
}

@article{Wetzlinger2022,
	author = {Mark Wetzlinger and Adrian Kulmburg and Alexis {Le Penven} and Matthias Althoff},
	doi = {10.1016/j.nahs.2022.101252},
	issn = {1751-570X},
	journal = {Nonlinear Analysis: Hybrid Systems},
	note = {article no. 101252},
	title = {Adaptive reachability algorithms for nonlinear systems using abstraction error analysis},
	url = {https://www.sciencedirect.com/science/article/pii/S1751570X22000607},
	volume = {46},
	year = {2022}
}

@inproceedings{Kuelz2023a,
	author = {Jonathan Külz and Matthias Mayer and Matthias Althoff},
	booktitle = {Proc. of the IEEE International Conference on Robotics and Automation},
	title = {Timor Python: A Toolbox for Industrial Modular Robotics}
}

@inproceedings{Meyer2023,
	author = {E. Meyer and M. Althoff},
	booktitle = {Proc. of the IEEE International Conference on Robotics and Automation},
	title = {Deep Occupancy-Predictive Representations for Autonomous Driving},
	year = {2023}
}

@inproceedings{Lin202x,
	author = {Y. Lin and H. Li and M. Althoff},
	booktitle = {RAL},
	title = {Model Predictive Robustness of Signal Temporal Logic Predicates}
}

@article{Kochdumper2023a,
	author = {Niklas Kochdumper and Hanna Krasowski and Xiao Wang and Stanley Bak and Matthias Althoff},
	comment = {justITSELF, DFG GRK 2428 (CONVEY)},
	doi = {10.1109/OJCSYS.2023.3256305},
	journal = {IEEE Open Journal of Control Systems},
	number = {},
	pages = {79–92},
	title = {Provably Safe Reinforcement Learning via Action Projection Using Reachability Analysis and Polynomial Zonotopes},
	volume = {2},
	year = {2023}
}

@inproceedings{Wetzlinger2023a,
	articleno = {5},
	author = {Mark Wetzlinger and Niklas Kochdumper and Stanley Bak and Matthias Althoff},
	booktitle = {Proc. of the 26th ACM International Conference on Hybrid Systems: Computation and Control},
	doi = {10.1145/3575870.3587121},
	numpages = {12},
	title = {Fully-Automated Verification of Linear Systems Using Reachability Analysis with Support Functions},
	year = {2023}
}

@inproceedings{Krasowski2023x,
	author = {Hanna Krasowski and Prithvi Akella and Aaron D. Ames and Matthias Althoff},
	booktitle = {Proc. of the 62nd IEEE Conference on Decision and Control},
	title = {Probabilistic Guarantees for Safe Reinforcement Learning in Continuous Action Spaces via Temporal Logic},
	year = {2023}
}

@inproceedings{Althoff2022a,
	author = {Matthias Althoff},
	booktitle = {Proc. of 9th International Workshop on Applied Verification of Continuous and Hybrid Systems},
	doi = {10.29007/tg4s},
	issn = {2398-7340},
	pages = {26–43},
	publisher = {EasyChair},
	series = {EPiC Series in Computing},
	title = {Benchmarks for the Formal Verification of Power Systems},
	url = {https://easychair.org/publications/paper/8Tcg},
	volume = {90},
	year = {2022}
}

@inproceedings{Althoff2022b,
	author = {Matthias Althoff and Marcelo Forets and Christian Schilling and Mark Wetzlinger},
	bibsource = {EasyChair, https://easychair.org},
	booktitle = {Proc. of 9th International Workshop on Applied Verification of Continuous and Hybrid Systems},
	doi = {10.29007/mmzc},
	issn = {2398-7340},
	pages = {58–85},
	publisher = {EasyChair},
	series = {EPiC Series in Computing},
	title = {{ARCH-COMP22} Category Report: Continuous and Hybrid Systems with Linear Continuous Dynamics},
	url = {https://easychair.org/publications/paper/b6cN},
	volume = {90},
	year = {2022}
}

@inproceedings{Lopez2022,
	author = {Diego Manzanas Lopez and Matthias Althoff and Luis Benet and Xin Chen and Jiameng Fan and Marcelo Forets and Chao Huang and Taylor T Johnson and Tobias Ladner and Wenchao Li and Christian Schilling and Qi Zhu},
	bibsource = {EasyChair, https://easychair.org},
	booktitle = {Proc. of 9th International Workshop on Applied Verification of Continuous and Hybrid Systems (ARCH22)},
	doi = {10.29007/wfgr},
	issn = {2398-7340},
	pages = {142–184},
	publisher = {EasyChair},
	series = {EPiC Series in Computing},
	title = {ARCH-COMP22 Category Report: Artificial Intelligence and Neural Network Control Systems (AINNCS) for Continuous and Hybrid Systems Plants},
	url = {https://easychair.org/publications/paper/C1J8},
	volume = {90},
	year = {2022}
}

@inproceedings{Geretti2022,
	author = {Luca Geretti and Julien Alexandre Dit Sandretto and Matthias Althoff and Luis Benet and Pieter Collins and Parasara Duggirala and Marcelo Forets and Edward Kim and Stefan Mitsch and Christian Schilling and Mark Wetzlinger},
	bibsource = {EasyChair, https://easychair.org},
	booktitle = {Proc. of 9th International Workshop on Applied Verification of Continuous and Hybrid Systems (ARCH22)},
	doi = {10.29007/fnzc},
	issn = {2398-7340},
	pages = {86–112},
	publisher = {EasyChair},
	series = {EPiC Series in Computing},
	title = {ARCH-COMP22 Category Report: Continuous and Hybrid Systems with Nonlinear Dynamics},
	url = {https://easychair.org/publications/paper/JrQ4},
	volume = {90},
	year = {2022}
}

@inproceedings{Lin2023a,
	author = {Yuanfei Lin and Matthias Althoff},
	booktitle = {Proc. of the IEEE Intelligent Vehicles Symposium},
	title = {{CommonRoad-CriMe}: A Toolbox for Criticality Measures of Autonomous Vehicles}
}

@inproceedings{Meyer2023a,
	author = {Eivind Meyer et al.},
	booktitle = {Proc. IEEE IV},
	title = {Geometric Deep Learning for Autonomous Driving: Unlocking the Power of Graph Neural Networks With CommonRoad-Geometric},
	year = {2023}
}

@inproceedings{Markgraf2023a,
	author = {Hannah Markgraf and M. Althoff},
	booktitle = {ICLR 2023 Workshop: Tackling Climate Change with Machine Learning},
	title = {Safe Multi-Agent Reinforcement Learning for Price-Based Demand Response},
	year = {2023}
}

@inproceedings{Ladner2023b,
	author = {Tobias Ladner and M. Althoff},
	booktitle = {Proc. of CAV},
	title = {Specification-Driven Neural Network Reduction for Scalable Formal Verification},
	year = {2023}
}

@proceedings{Thum2023,
	author = {Jakob Thumm and Guillaume Pelat and Matthias Althoff},
	booktitle = {Proc. of the IEEE/RSJ International Conference on Intelligent Robots and Systems},
	title = {Reducing Safety Interventions in Provably Safe Reinforcement Learning},
	year = {2023}
}

@inproceedings{Tang2023a,
	author = {Chencheng Tang and Matthias Althoff},
	booktitle = {22nd IFAC World Congress},
	title = {Formal Verification of Robotic Contact Tasks via Reachability Analysis}
}

@article{Gassmann202x,
	author = {Victor Gaßmann and Matthias Althoff},
	journaltitle = {IEEE Open Journal of Control Systems},
	title = {Polynomial Controller Synthesis of Nonlinear Systems with Continuous State Feedback Using Trust Regions}
}

@inproceedings{Schaefer2023x,
	author = {Lukas Schäfer and Matthias Althoff},
	booktitle = {Proc. of the 62nd IEEE Conference on Decision and Control},
	title = {Computing Robust Control Invariant Sets of Nonlinear Systems Using Polynomial Controller Synthesis},
	year = {2023}
}

@inproceedings{Luetzow2023a,
	author = {Laura L\"utzow and Matthias Althoff},
	booktitle = {Proc. of the 62nd IEEE Conference on Decision and Control},
	title = {Reachability Analysis of {ARMAX} Models},
	year = {2023}
}

@article{Sigl2023,
	author = {Sebastian Sigl and Matthias Althoff},
	journaltitle = {Discrete and Computational Geometry},
	title = {M-Representation of Polytopes}
}

@article{Liu20xx,
	author = {Edmond Irani Liu and Matthias Althoff},
	booktitle = {IEEE Transactions on Intelligent Vehicles},
	title = {Specification-Compliant Driving Corridor Extraction using Reachability Analysis and Model Checking}
}

@article{Liu2xxx,
	author = {{Di Liu} and Sebastian Mair and Kang Yang and Simone Baldi and Paolo Frasca and Matthias Althoff},
	booktitle = {IEEE Transactions on Intelligent Transportation Systems},
	title = {Resilience in Platoons of Cooperative Heterogeneous Vehicles: Self-organization Strategies and Provably-correct Design}
}

@comment{jabref-meta: databaseType:biblatex;}

@inproceedings{Gassert2023a,
	author = {Philipp Gassert and Matthias Althoff},
	booktitle = {NeurIPS},
	title = {Reinforcement Learning in Shadow Mode},
	year = {2023}
}

@inproceedings{Lin2023xx,
	author = {Yuanfei Lin and Michael Ratzel and Matthias Althoff},
	booktitle = {Proc. of the 26th IEEE International Conference on Intelligent Transportation Systems},
	title = {Automatic Traffic Scenario Conversion from OpenSCENARIO to CommonRoad},
	year = {2023}
}

@inproceedings{Halder2023xx,
	author = {Patrick Halder and Fabian Christ and Matthias Althoff},
	booktitle = {Proc. of the 26th IEEE International Conference on Intelligent Transportation Systems},
	title = {Lexicographic Mixed-Integer Motion Planning with STL Constraints},
	year = {2023}
}

@inproceedings{Finkeldei2023x,
	author = {Florian Finkeldei and Matthias Althoff},
	booktitle = {Proc. of the 26th IEEE International Conference on Intelligent Transportation Systems},
	title = {Synthesizing Traffic Scenarios from Formal Specifications Using Reachability Analysis},
	year = {2023}
}

@inproceedings{Maierhofer2023x,
	author = {Sebastian Maierhofer and Yannick Ballnath and Matthias Althoff},
	booktitle = {Proc. of the 26th IEEE International Conference on Intelligent Transportation Systems},
	title = {Map Verification and Repairing Using Formalized Map Specifications},
	year = {2023}
}

@inproceedings{Peiss2023,
	author = {Lars Frederik Peiss and Elias Wohlgemuth and Fan Xue and Eivind Meyer and Luis Gressenbuch and Matthias Althoff},
	booktitle = {Proc. of the 26th IEEE International Conference on Intelligent Transportation Systems},
	title = {Graph-based Autonomous Driving with Traffic Rule-Enhanced Curriculum Learning},
	year = {2023}
}

@inproceedings{Mair2023,
	author = {Sebastian Gerhard Mair and Matthias Althoff},
	booktitle = {Proc. of the 26th IEEE International Conference on Intelligent Transportation Systems},
	title = {Provably-Correct Safety Protocol for Cooperative Platooning},
	year = {2023}
}

@article{Mehdipour2023,
	author = {Noushin Mehdipour and Matthias Althoff and Radboud Duintjer Tebbens and Calin Belta},
	doi = {10.1016/j.automatica.2022.110692},
	issn = {0005-1098},
	journal = {Automatica},
	keywords = {Autonomous driving; Formal methods; Temporal logic; Formal verification; Formal synthesis; Falsification; Monitoring; Machine learning},
	note = {Article no. 110692},
	title = {Formal methods to comply with rules of the road in autonomous driving: State of the art and grand challenges},
	url = {https://www.sciencedirect.com/science/article/pii/S0005109822005568},
	volume = {152},
	year = {2023}
}

@inproceedings{Althoff2023a,
	author = {Matthias Althoff},
	booktitle = {Proc. of 10th International Workshop on Applied Verification of Continuous and Hybrid Systems},
	publisher = {EasyChair},
	series = {EPiC Series in Computing},
	title = {Checking and Establishing Reachset Conformance in CORA 2023},
	year = {2023}
}

@inbook{Liu202y,
	author = {Edmond {Irani Liu} and Matthias Althoff},
	booktitle = {Cooperatively Interacting Vehicles},
	publisher = {Springer},
	title = {Specification-Compliant Motion Planning of Cooperative Vehicles Using Reachable Sets}
}

@inproceedings{Ladner202x,
	author = {Tobias Ladner and Matthias Althoff},
	booktitle = {Proc. of Thirty-Eighth AAAI Conference on Artificial Intelligence},
	title = {Exponent Relaxation of Polynomial Zonotopes and its Applications in Formal Neural Network Verification}
}

@inproceedings{ladner2023a,
	title={Automatic abstraction refinement in neural network verification using sensitivity analysis},
	author={Ladner, Tobias and Althoff, Matthias},
	booktitle={Proceedings of the 26th ACM International Conference on Hybrid Systems: Computation and Control},
	pages={1--13},
	year={2023}
}

@inproceedings{Lercher2024,
	author = {Florian Lercher and Matthias Althoff},
	booktitle = {Computer Aided Verification},
	title = {Using Four-Valued Signal Temporal Logic for Incremental Verification of Hybrid Systems},
	year = {2024}
}

@article{Luetzow2024a,
	author       = {Laura L\"utzow and Matthias Althoff},
	title        = {Scalable Reachset-conformant Identification of Linear Systems},
	journal={IEEE Control Systems Letters}, 
	year={2024},
	volume={8},
	number={},
	pages={520-525}}

@article{Luetzow2024b,
	author = {Laura L\"utzow and Matthias Althoff},
	booktitle = {arXiv},
	title = {Reachset-Conformant System Identification},
	year = {2024}
}

@article{koller2024a,
	title={Set-Based Training for Neural Network Verification},
	author={Koller, Lukas and Ladner, Tobias and Althoff, Matthias},
	journal={arXiv preprint arXiv:2401.14961},
	year={2024}
}

@article{Wendl2024a,
	title={Training Verifiably Robust Agents Using Set-Based Reinforcement Learning},
	author={Wendl, Manuel and Koller, Lukas and Ladner, Tobias and Althoff, Matthias},
	journal={arXiv preprint arXiv:2408.09112},
	year={2024}
}