@inproceedings{Althoff2018ARCH,
	author			= {Matthias Althoff and Dmitry Grebenyuk and Niklas Kochdumper},
	title			= {Implementation of Taylor Models in CORA 2018},
	year			= {2018},
	month 			= {September},
	booktitle		= {Proc. of the 5th Workshop on Applied Verification for Continuous and Hybrid Systems},
	doi				= {10.29007/zzc7},
	url				= {https://easychair.org/publications/paper/9Tz3}
	publisher 		= {EasyChair},
	pages			= {145-173},
	keywords		= {set-based computing}
}