@InProceedings{Althoff2013HSCC,
	title			= {Reachability Analysis of Nonlinear Systems using Conservative Polynomialization and Non-Convex Sets},
	author		= {Matthias Althoff},
	booktitle		= {Proc. of the 16th International Conference on Hybrid Systems: Computation and Control},
	year			= {2013},
	month = {April},
	pages			= {173-182},
	DOI			= {10.1145/2461328.2461358},
	publisher = {ACM},
	url = {https://dl.acm.org/doi/10.1145/2461328.2461358}
}