@inproceedings{Althoff2016ARCH,
	author			= {Matthias Althoff and Dmitry Grebenyuk},
	title			= {Implementation of Interval Arithmetic in CORA 2016},
	year			= {2017},
	month 			= {February},
	booktitle		= {Proc. of the 3rd Workshop on Applied Verification for Continuous and Hybrid Systems},
	doi				= {10.29007/w19b},
	url				= {https://easychair.org/publications/paper/ZRJ}
	publisher 		= {EasyChair},
	pages			= {91-105}
}