@article{Althoff2014TAC,
	title		= {Reachability Analysis of Nonlinear Differential-Algebraic Systems},
	author	= {Matthias Althoff and Bruce H. Krogh},
	journal	= {IEEE Transactions on Automatic Control},
	year		= {2014},
	month = {February},
	number	= {2},
	pages		= {371-383},
	volume	= {59},
	DOI		= {10.1109/TAC.2013.2285751},
	url = {https://dl.acm.org/doi/10.1145/2461328.2461358},
	keywords = {reachability analysis, nonlinear systems}
}