@inproceedings{Althoff2011HSCC,
	title			= {Reachable Set Computation for Uncertain Time-Varying Linear Systems},
	author		= {Matthias Althoff and Colas Le Guernic and Bruce H. Krogh},
	booktitle		= {Proc. of the 14th International Conference on Hybrid Systems: Computation and Control},
	year			= {2011},
	month = {April},
	pages			= {93-102},
	DOI			= {10.1145/1967701.1967717},
	publisher = {ACM},
	url = {https://dl.acm.org/doi/10.1145/1967701.1967717},
	keywords = {reachability analysis, linear systems}
}