@article{Althoff2020TAC,
	title			= {Reachability Analysis of Large Linear Systems with Uncertain Inputs in the Krylov Subspace},
	author			= {Matthias Althoff},
	journal			= {IEEE Transactions on Automatic Control},
	year			= {2020},
	month			= {February},
	publisher		= {IEEE},
	volume			= {65},
	number			= {2},
	pages			= {477-492},
	DOI				= {10.1109/TAC.2019.2906432},
	url				= {https://ieeexplore.ieee.org/document/8675521},
	keywords		= {reachability analysis, linear systems}
}