@inproceedings{Althoff2023ARCH,
	author			= {Matthias Althoff},
	title			= {Checking and Establishing Reachset Conformance in CORA 2023},
	year			= {2023},
	month 			= {October},
	booktitle		= {Proc. of the 10th Workshop on Applied Verification for Continuous and Hybrid Systems},
	doi				= {10.29007/5v1g},
	url				= {https://easychair.org/publications/paper/Zmbv}
	publisher 		= {EasyChair},
	pages			= {9-33}
}