@inproceedings{Althoff2007CDC,
	title			= {Reachability Analysis of Linear Systems with Uncertain Parameters and Inputs},
	author		= {Matthias Althoff and Olaf Stursberg and Martin Buss},
	booktitle		= {Proc. of the 46th Conference on Decision and Control},
	organization = {IEEE},
	year			= {2007},
	month = {December},
	pages			= {726-732},
	DOI			= {10.1109/CDC.2007.4434084},
	url = {https://ieeexplore.ieee.org/document/4434084},
	keywords = {reachability analysis, linear systems}
}