@inproceedings{Althoff2008CDC,
	title			= {Reachability Analysis of Nonlinear Systems with Uncertain Parameters using Conservative Linearization},
	author		= {Matthias Althoff and Olaf Stursberg and Martin Buss},
	booktitle		= {Proc. of the 47th Conference on Decision and Control},
	organization = {IEEE},
	year			= {2008},
	month = {December},
	pages			= {4042-4048},
	DOI			= {10.1109/CDC.2008.4738704},
	url = {https://ieeexplore.ieee.org/abstract/document/4738704},
	keywords = {reachability analysis, nonlinear systems}
}