@article{Gassmann2023OJCSYS,
	title = {Polynomial Controller Synthesis of Nonlinear Systems With Continuous State Feedback Using Trust Regions},
	author = {Victor Ga√ümann and Matthias Althoff},
	journal = {IEEE Open Journal of Control Systems},
	year = {2023},
	volume = {2},
	pages = {310-324},
	month = {August},
	organization = {IEEE},
	doi = {10.1109/OJCSYS.2023.3301335},
	url = {https://ieeexplore.ieee.org/document/10202173}
}