@inproceedings{Althoff2023ARCH,
	author			= {Victor Ga√ümann and Matthias Althoff},
	title			= {Implementation of Ellipsoidal Operations in CORA 2022},
	year			= {2022},
	month 			= {December},
	booktitle		= {Proc. of the 9th Workshop on Applied Verification for Continuous and Hybrid Systems},
	doi				= {10.29007/p328},
	url				= {https://easychair.org/publications/paper/8hnJ}
	publisher 		= {EasyChair},
	pages			= {1-17}
}