@article{Gruber2023TAC,
	title = {Scalable Robust Safety Filter with Unknown Disturbance Set},
	author = {Felix Gruber and Matthias Althoff},
	journal = {IEEE Transaction on Automatic Control (Early Access)},
	year = {2023},
	month = {July},
	organization = {IEEE},
	doi = {10.1109/TAC.2023.3292329},
	url = {https://ieeexplore.ieee.org/document/10172290},
	keywords = {control, linear systems}
}