@inproceedings{Gruber2021CDC,
	title = {Scalable Robust Output Feedback MPC of Linear Sampled-Data Systems},
	author = {Felix Gruber and Matthias Althoff},
	booktitle = {Proc. of the 60th Conference on Decision and Control},
	pages = {2563-2570},
	year = {2021},
	month = {December},
	organization = {IEEE},
	doi = {10.1109/CDC45484.2021.9683384},
	url = {https://ieeexplore.ieee.org/document/9683384}
}