@article{Gruber2021CSL,
	title = {Computing Safe Sets of Linear Sampled-Data Systems},
	author = {Felix Gruber and Matthias Althoff},
	journal = {IEEE Control Systems Letters},
	volume = {5},
	issue = {2},
	pages = {385-390},
	year = {2021},
	month = {April},
	organization = {IEEE},
	doi = {10.1109/LCSYS.2020.3002476},
	url = {https://ieeexplore.ieee.org/document/9116957}
}