@inproceedings{Kochdumper2020HSCC2,
	author		= {Niklas Kochdumper and Matthias Althoff},
	title		= {Reachability Analysis for Hybrid Systems with Nonlinear Guard Sets},
	year		= {2020},
	month 		= {April},
	booktitle	= {Proc. of the 23rd International Conference on Hybrid Systems: Computation and Control},
	DOI		= {10.1145/3365365.3382194},
	url		= {https://dl.acm.org/doi/10.1145/3365365.3382194},
	publisher	= {ACM},
	articleno 	= {2},
	numpages 	= {10},
	keywords = {reachability analysis, hybrid systems}
}