@inproceedings{Kochdumper2020HSCC1,
	title		= {Utilizing Dependencies to Obtain Subsets of Reachable Sets},
	author		= {Niklas Kochdumper and Bastian Sch{\"u}rmann and Matthias Althoff},
	booktitle	= {Proc. of the 23rd International Conference on Hybrid Systems: Computation and Control},
	publisher = {ACM},
	articleno = {1},
	numpages = {10},
	year	= {2020},
	DOI		= {10.1145/3365365.3382192}
}