@article{Kochdumper2021TAC, 
	author	= {Niklas Kochdumper and Matthias Althoff},
	title		= {Sparse Polynomial Zonotopes: A Novel Set Representation for Reachability Analysis},
	year		= {2021},
	month = {September},
	journal	= {IEEE Transactions on Automatic Control},
	volume	= {66},
	number	= {9},
	pages		= {4043-4058},
	DOI		= {10.1109/TAC.2020.3024348},
	url = {https://ieeexplore.ieee.org/document/9199088},
	keywords = {set-based computing}
}