@inproceedings{Kochdumper2023NASA,
	title={Open- and Closed-Loop Neural Network Verification Using Polynomial Zonotopes},
	author={Kochdumper, Niklas and Schilling, Christian and Althoff, Matthias and Bak, Stanley},
	booktitle={NASA Formal Methods Symposium},
	pages={16-36},
	year={2023},
	month = {June},
	url = {https://link.springer.com/chapter/10.1007/978-3-031-33170-1_2},
	DOI = {10.1007/978-3-031-33170-1_2},
	publisher={Springer}
}