@inproceedings{Ladner2023HSCC,
	title={Automatic Abstraction Refinement in Neural Network Verification using Sensitivity Analysis},
	author={Ladner, Tobias and Althoff, Matthias},
	booktitle={Proceedings of the 26th ACM International Conference on Hybrid Systems: Computation and Control},
	pages={1-13},
	year={2023},
	month = {May},
	DOI = {10.1145/3575870.3587129},
	url = {https://doi.org/10.1145/3575870.3587129},
}