@article{Lan2023TITS, 
	author = {Jianglin Lan and Dezong Zhao and Daxin Tian},
	title = {Data-Driven Robust Predictive Control for Mixed Vehicle Platoons Using Noisy Measurement},
	year = {2023},
	month = {June},
	journal	= {IEEE Transactions on Intelligent Transportation Systems},
	volume = {24},
	number = {6},
	pages = {6586-6596},
	DOI = {10.1109/TITS.2021.3128406},
	url = {https://ieeexplore.ieee.org/document/9199088},
	keywords = {control, autonomous driving}
}