@inproceedings{Roehm2016ATVA,
	title = {STL Model Checking of Continuous and Hybrid Systems},
	author = {Hendrik R{\"o}hm and Jens Oehlerking and Thomas Heinz and Matthias Althoff},
	journal = {Proc. of the International Symposium on Automated Technology for Verification and Analysis},
	year = {2016},
	month = {September},
	pages = {412-427},
	organization = {Springer},
	doi = {10.1007/978-3-319-46520-3_26},
	url = {https://link.springer.com/chapter/10.1007/978-3-319-46520-3_26}
}