@article{Schaefer2023TAC, 
	author	= {Lukas Sch{\"a}fer and Felix Gruber and Matthias Althoff},
	title		= {Scalable Computation of Robust Control Invariant Sets of Nonlinear Systems},
	year		= {2023},
	month = {May},
	journal	= {IEEE Transactions on Automatic Control (Early Access)},
	DOI		= {10.1109/TAC.2023.3275305},
	url = {https://ieeexplore.ieee.org/abstract/document/10123035}
}