@article{Tran2019TECS,
	author	= {Hoang-Dung Tran and Feiyang Cai and Diego Manzanas Lopez and Patrick Musau and Taylor T. Johnson and Xenofon Koutsoukos},
	title		= {Safety Verification of Cyber-Physical Systems with Reinforcement Learning Control},
	year		= {2019},
	month = {October},
	journal	= {ACM Transactions on Embedded Computing Systems},
	volume = {18},
	issue = {5s},
	pages = {1-22},
	DOI		= {10.1145/3358230},
	url = {https://dl.acm.org/doi/abs/10.1145/3358230},
	keywords = {verification, neural networks}
}