@article{Wetzlinger2023TAC, 
	author	= {Mark Wetzlinger and Niklas Kochdumper and Stanley Bak and Matthias Althoff},
	title		= {Fully Automated Verification of Linear Systems Using Inner- and Outer-Approximations of Reachable Sets},
	year		= {2023},
	month = {July},
	journal	= {IEEE Transactions on Automatic Control (Early Access},
	DOI		= {10.1109/TAC.2023.3292008},
	url = {https://ieeexplore.ieee.org/document/10172267}
}