@inproceedings{Wetzlinger2020CDC,
	author			= {Mark Wetzlinger and Niklas Kochdumper and Matthias Althoff},
	title			= {Adaptive Parameter Tuning for Reachability Analysis of Linear Systems},
	year			= {2020},
	month			= {December},
	booktitle		= {Proc. of the 59th Conference on Decision and Control},
	pages			= {5145-5152},
	publisher 		= {IEEE},
	DOI				= {10.1109/CDC42340.2020.9304431},
	url 			= {https://ieeexplore.ieee.org/document/9304431}
}