@inproceedings{Wetzlinger2023HSCC,
	author			= {Mark Wetzlinger and Niklas Kochdumper and Stanley Bak and Matthias Althoff},
	title			= {Fully-Automated Verification of Linear Systems Using Reachability Analysis with Support Functions},
	year			= {2023},
	month 			= {May},
	booktitle		= {Proc. of the 26th International Conference on Hybrid Systems: Computation and Control},
	doi				= {10.1145/3575870.3587121},
	publisher 		= {ACM},
	articleno		= {5},
	numpages		= {12},
	url 			= {https://dl.acm.org/doi/10.1145/3575870.3587121}
}