@article{Wetzlinger2022NAHS,
	author = {Mark Wetzlinger and Adrian Kulmburg and Alexis Le Penven and Matthias Althoff},
	title = {Adaptive Reachability Algorithms for Nonlinear Systems using Abstraction Error Analysis},
	journal = {Nonlinear Analysis: Hybrid Systems},
	volume = {46},
	pages = {101252},
	year = {2022},
	month = {November},
	doi = {10.1016/j.nahs.2022.101252},
	url = {https://www.sciencedirect.com/science/article/abs/pii/S1751570X22000607}
}