@inproceedings{Wetzlinger2021HSCC,
	author			= {Mark Wetzlinger and Adrian Kulmburg and Matthias Althoff},
	title			= {Adaptive Parameter Tuning for Reachability Analysis of Nonlinear Systems},
	year			= {2021},
	month			= {May},
	booktitle		= {Proc. of the 24th International Conference on Hybrid Systems: Computation and Control},
	doi				= {10.1145/3447928.3456643},
	publisher 		= {ACM},
	articleno		= {16},
	numpages		= {11},
	url 			= {https://dl.acm.org/doi/10.1145/3447928.3456643}
}