@article{Xiang2021TNNLS,
	author = {Weiming Xiang and Hoang-Dung Tran and Xiaodong Yang and Taylor T. Johnson},
	title = {Reachable Set Estimation for Neural Network Control Systems: A Simulation-Guided Approach},
	year = {2021},
	month = {May},
	journal	= {IEEE Transactions on Neural Networks and Learning Systems},
	volume = {32},
	issue = {5},
	pages = {1821-1830},
	DOI	= {10.1109/TNNLS.2020.2991090},
	url = {https://ieeexplore.ieee.org/abstract/document/9093970},
	keywords = {reachability analysis, neural networks}
}