@inproceedings{Gassmann2021IFAC,
	title = {Verified Polynomial Controller Synthesis for Disturbed Nonlinear Systems},
	author = {Victor Ga√ümann and Matthias Althoff},
	journal = {Proc. of the 7th Conference on Analysis and Design of Hybrid Systems},
	year = {2021},
	month = {July},
	organization = {Elsevier},
	pages = {85-90},
	doi = {10.1016/j.ifacol.2021.08.479},
	url = {https://www.sciencedirect.com/science/article/pii/S2405896321012544},
	keywords = {control, nonlinear systems}
}