@inproceedings{Gruber2019CDC,
	title = {Scalable Robust Model Predictive Control for Linear Sampled-Data Systems},
	author = {Felix Gruber and Matthias Althoff},
	booktitle = {Proc. of the 58th Conference on Decision and Control},
	pages = {438-444},
	year = {2019},
	month = {December},
	organization = {IEEE},
	doi = {10.1109/CDC40024.2019.9029873},
	url = {https://ieeexplore.ieee.org/document/9029873},
	keywords = {control, linear systems}
}
