@article{Hu2023TECS,
	author	= {Ruiqi Hu and Kairong Liu and Zhikun She},
	title		= {Evolution Function Based Reach-Avoid Verification for Time-Varying Systems with Disturbances},
	year		= {2023},
	month = {September},
	journal	= {ACM Transactions on Embedded Computing Systems},
	DOI		= {10.1145/3626099},
	url = {https://dl.acm.org/doi/abs/10.1145/3626099},
	keywords = {verification, linear systems, nonlinear systems}
}