@inproceedings{Kousik2019DSCC,
	title = {Safe, Aggressive Quadrotor Flight via Reachability-Based Trajectory Design},
	author = {Shreyas Kousik and Patrick Holmes and Ram Vasudevan},
	journal = {Proc. of the Dynamic Systems and Control Conference},
	year = {2019},
	month = {November},
	organization = {ASME},
	doi = {10.1115/DSCC2019-9214},
	url = {https://asmedigitalcollection.asme.org/DSCC/proceedings-abstract/DSCC2019/1070634},
	keywords = {control, nonlinear systems}
}