@article{Shao2021LRA, 
	author = {Yifei Simon Shao and Chao Chen and Shreyas Kousik and Ram Vasudevan},
	title = {Reachability-Based Trajectory Safeguard (RTS): A Safe and Fast Reinforcement Learning Safety Layer for Continuous Control},
	year = {2021},
	month = {April},
	journal	= {IEEE Robotics and Automation Letters},
	volume = {6},
	number = {2},
	pages = {3663-3670},
	DOI = {10.1109/LRA.2021.3063989},
	url = {https://ieeexplore.ieee.org/document/9369910},
	keywords = {learning methods, control}
}